%YAML 1.1
%TAG !u! tag:unity3d.com,2011:
--- !u!29 &1
OcclusionCullingSettings:
  m_ObjectHideFlags: 0
  serializedVersion: 2
  m_OcclusionBakeSettings:
    smallestOccluder: 5
    smallestHole: 0.25
    backfaceThreshold: 100
  m_SceneGUID: 00000000000000000000000000000000
  m_OcclusionCullingData: {fileID: 0}
--- !u!104 &2
RenderSettings:
  m_ObjectHideFlags: 0
  serializedVersion: 9
  m_Fog: 0
  m_FogColor: {r: 0.5, g: 0.5, b: 0.5, a: 1}
  m_FogMode: 3
  m_FogDensity: 0.01
  m_LinearFogStart: 0
  m_LinearFogEnd: 300
  m_AmbientSkyColor: {r: 0.212, g: 0.227, b: 0.259, a: 1}
  m_AmbientEquatorColor: {r: 0.114, g: 0.125, b: 0.133, a: 1}
  m_AmbientGroundColor: {r: 0.047, g: 0.043, b: 0.035, a: 1}
  m_AmbientIntensity: 1
  m_AmbientMode: 0
  m_SubtractiveShadowColor: {r: 0.42, g: 0.478, b: 0.627, a: 1}
  m_SkyboxMaterial: {fileID: 10304, guid: 0000000000000000f000000000000000, type: 0}
  m_HaloStrength: 0.5
  m_FlareStrength: 1
  m_FlareFadeSpeed: 3
  m_HaloTexture: {fileID: 0}
  m_SpotCookie: {fileID: 10001, guid: 0000000000000000e000000000000000, type: 0}
  m_DefaultReflectionMode: 0
  m_DefaultReflectionResolution: 128
  m_ReflectionBounces: 1
  m_ReflectionIntensity: 1
  m_CustomReflection: {fileID: 0}
  m_Sun: {fileID: 0}
  m_IndirectSpecularColor: {r: 0, g: 0, b: 0, a: 1}
  m_UseRadianceAmbientProbe: 0
--- !u!157 &3
LightmapSettings:
  m_ObjectHideFlags: 0
  serializedVersion: 12
  m_GIWorkflowMode: 1
  m_GISettings:
    serializedVersion: 2
    m_BounceScale: 1
    m_IndirectOutputScale: 1
    m_AlbedoBoost: 1
    m_EnvironmentLightingMode: 0
    m_EnableBakedLightmaps: 1
    m_EnableRealtimeLightmaps: 0
  m_LightmapEditorSettings:
    serializedVersion: 12
    m_Resolution: 2
    m_BakeResolution: 40
    m_AtlasSize: 1024
    m_AO: 0
    m_AOMaxDistance: 1
    m_CompAOExponent: 1
    m_CompAOExponentDirect: 0
    m_ExtractAmbientOcclusion: 0
    m_Padding: 2
    m_LightmapParameters: {fileID: 0}
    m_LightmapsBakeMode: 1
    m_TextureCompression: 1
    m_FinalGather: 0
    m_FinalGatherFiltering: 1
    m_FinalGatherRayCount: 256
    m_ReflectionCompression: 2
    m_MixedBakeMode: 2
    m_BakeBackend: 1
    m_PVRSampling: 1
    m_PVRDirectSampleCount: 32
    m_PVRSampleCount: 512
    m_PVRBounces: 2
    m_PVREnvironmentSampleCount: 256
    m_PVREnvironmentReferencePointCount: 2048
    m_PVRFilteringMode: 1
    m_PVRDenoiserTypeDirect: 1
    m_PVRDenoiserTypeIndirect: 1
    m_PVRDenoiserTypeAO: 1
    m_PVRFilterTypeDirect: 0
    m_PVRFilterTypeIndirect: 0
    m_PVRFilterTypeAO: 0
    m_PVREnvironmentMIS: 1
    m_PVRCulling: 1
    m_PVRFilteringGaussRadiusDirect: 1
    m_PVRFilteringGaussRadiusIndirect: 5
    m_PVRFilteringGaussRadiusAO: 2
    m_PVRFilteringAtrousPositionSigmaDirect: 0.5
    m_PVRFilteringAtrousPositionSigmaIndirect: 2
    m_PVRFilteringAtrousPositionSigmaAO: 1
    m_ExportTrainingData: 0
    m_TrainingDataDestination: TrainingData
    m_LightProbeSampleCountMultiplier: 4
  m_LightingDataAsset: {fileID: 0}
  m_LightingSettings: {fileID: 0}
--- !u!196 &4
NavMeshSettings:
  serializedVersion: 2
  m_ObjectHideFlags: 0
  m_BuildSettings:
    serializedVersion: 2
    agentTypeID: 0
    agentRadius: 0.5
    agentHeight: 2
    agentSlope: 45
    agentClimb: 0.4
    ledgeDropHeight: 0
    maxJumpAcrossDistance: 0
    minRegionArea: 2
    manualCellSize: 0
    cellSize: 0.16666667
    manualTileSize: 0
    tileSize: 256
    accuratePlacement: 0
    maxJobWorkers: 0
    preserveTilesOutsideBounds: 0
    debug:
      m_Flags: 0
  m_NavMeshData: {fileID: 0}
--- !u!1001 &28881158
PrefabInstance:
  m_ObjectHideFlags: 0
  serializedVersion: 2
  m_Modification:
    m_TransformParent: {fileID: 516720415}
    m_Modifications:
    - target: {fileID: 4497106929372893995, guid: 897ac2452faca4868ab0599fb63d3a80, type: 3}
      propertyPath: m_Name
      value: PickUp (4)
      objectReference: {fileID: 0}
    - target: {fileID: 4497106929372894006, guid: 897ac2452faca4868ab0599fb63d3a80, type: 3}
      propertyPath: m_LocalPosition.x
      value: -0.54
      objectReference: {fileID: 0}
    - target: {fileID: 4497106929372894006, guid: 897ac2452faca4868ab0599fb63d3a80, type: 3}
      propertyPath: m_LocalPosition.y
      value: 1.16
      objectReference: {fileID: 0}
    - target: {fileID: 4497106929372894006, guid: 897ac2452faca4868ab0599fb63d3a80, type: 3}
      propertyPath: m_LocalPosition.z
      value: 7.83
      objectReference: {fileID: 0}
    - target: {fileID: 4497106929372894006, guid: 897ac2452faca4868ab0599fb63d3a80, type: 3}
      propertyPath: m_LocalRotation.x
      value: -0.46164414
      objectReference: {fileID: 0}
    - target: {fileID: 4497106929372894006, guid: 897ac2452faca4868ab0599fb63d3a80, type: 3}
      propertyPath: m_LocalRotation.y
      value: -0.2215363
      objectReference: {fileID: 0}
    - target: {fileID: 4497106929372894006, guid: 897ac2452faca4868ab0599fb63d3a80, type: 3}
      propertyPath: m_LocalRotation.z
      value: -0.85590637
      objectReference: {fileID: 0}
    - target: {fileID: 4497106929372894006, guid: 897ac2452faca4868ab0599fb63d3a80, type: 3}
      propertyPath: m_LocalRotation.w
      value: -0.07232365
      objectReference: {fileID: 0}
    - target: {fileID: 4497106929372894006, guid: 897ac2452faca4868ab0599fb63d3a80, type: 3}
      propertyPath: m_RootOrder
      value: 3
      objectReference: {fileID: 0}
    - target: {fileID: 4497106929372894006, guid: 897ac2452faca4868ab0599fb63d3a80, type: 3}
      propertyPath: m_LocalEulerAnglesHint.x
      value: 45
      objectReference: {fileID: 0}
    - target: {fileID: 4497106929372894006, guid: 897ac2452faca4868ab0599fb63d3a80, type: 3}
      propertyPath: m_LocalEulerAnglesHint.y
      value: 45
      objectReference: {fileID: 0}
    - target: {fileID: 4497106929372894006, guid: 897ac2452faca4868ab0599fb63d3a80, type: 3}
      propertyPath: m_LocalEulerAnglesHint.z
      value: 45
      objectReference: {fileID: 0}
    m_RemovedComponents: []
  m_SourcePrefab: {fileID: 100100000, guid: 897ac2452faca4868ab0599fb63d3a80, type: 3}
--- !u!4 &28881159 stripped
Transform:
  m_CorrespondingSourceObject: {fileID: 4497106929372894006, guid: 897ac2452faca4868ab0599fb63d3a80, type: 3}
  m_PrefabInstance: {fileID: 28881158}
  m_PrefabAsset: {fileID: 0}
--- !u!1 &36559706 stripped
GameObject:
  m_CorrespondingSourceObject: {fileID: 4497106929372893995, guid: 897ac2452faca4868ab0599fb63d3a80, type: 3}
  m_PrefabInstance: {fileID: 2134933602}
  m_PrefabAsset: {fileID: 0}
--- !u!114 &36559712
MonoBehaviour:
  m_ObjectHideFlags: 0
  m_CorrespondingSourceObject: {fileID: 0}
  m_PrefabInstance: {fileID: 0}
  m_PrefabAsset: {fileID: 0}
  m_GameObject: {fileID: 36559706}
  m_Enabled: 0
  m_EditorHideFlags: 0
  m_Script: {fileID: 11500000, guid: 879c38ca04f73429d81b8d9dfc62481b, type: 3}
  m_Name: 
  m_EditorClassIdentifier: 
  degreesPerSecond: 15
  amplitude: 0.5
  frequency: 1
--- !u!1 &99603590
GameObject:
  m_ObjectHideFlags: 0
  m_CorrespondingSourceObject: {fileID: 0}
  m_PrefabInstance: {fileID: 0}
  m_PrefabAsset: {fileID: 0}
  serializedVersion: 6
  m_Component:
  - component: {fileID: 99603591}
  m_Layer: 0
  m_Name: Walls
  m_TagString: Untagged
  m_Icon: {fileID: 0}
  m_NavMeshLayer: 0
  m_StaticEditorFlags: 0
  m_IsActive: 1
--- !u!4 &99603591
Transform:
  m_ObjectHideFlags: 0
  m_CorrespondingSourceObject: {fileID: 0}
  m_PrefabInstance: {fileID: 0}
  m_PrefabAsset: {fileID: 0}
  m_GameObject: {fileID: 99603590}
  m_LocalRotation: {x: 0, y: 0, z: 0, w: 1}
  m_LocalPosition: {x: 0, y: 0, z: 0}
  m_LocalScale: {x: 1, y: 1, z: 1}
  m_Children:
  - {fileID: 1637457748}
  - {fileID: 522594237}
  - {fileID: 1903614578}
  - {fileID: 2082002070}
  m_Father: {fileID: 0}
  m_RootOrder: 4
  m_LocalEulerAnglesHint: {x: 0, y: 0, z: 0}
--- !u!1 &160886809
GameObject:
  m_ObjectHideFlags: 0
  m_CorrespondingSourceObject: {fileID: 0}
  m_PrefabInstance: {fileID: 0}
  m_PrefabAsset: {fileID: 0}
  serializedVersion: 6
  m_Component:
  - component: {fileID: 160886813}
  - component: {fileID: 160886812}
  - component: {fileID: 160886811}
  - component: {fileID: 160886810}
  - component: {fileID: 160886814}
  - component: {fileID: 160886815}
  m_Layer: 0
  m_Name: Ground
  m_TagString: Untagged
  m_Icon: {fileID: 0}
  m_NavMeshLayer: 0
  m_StaticEditorFlags: 0
  m_IsActive: 1
--- !u!64 &160886810
MeshCollider:
  m_ObjectHideFlags: 0
  m_CorrespondingSourceObject: {fileID: 0}
  m_PrefabInstance: {fileID: 0}
  m_PrefabAsset: {fileID: 0}
  m_GameObject: {fileID: 160886809}
  m_Material: {fileID: 0}
  m_IsTrigger: 0
  m_Enabled: 1
  serializedVersion: 4
  m_Convex: 0
  m_CookingOptions: 30
  m_Mesh: {fileID: 10209, guid: 0000000000000000e000000000000000, type: 0}
--- !u!23 &160886811
MeshRenderer:
  m_ObjectHideFlags: 0
  m_CorrespondingSourceObject: {fileID: 0}
  m_PrefabInstance: {fileID: 0}
  m_PrefabAsset: {fileID: 0}
  m_GameObject: {fileID: 160886809}
  m_Enabled: 1
  m_CastShadows: 1
  m_ReceiveShadows: 1
  m_DynamicOccludee: 1
  m_MotionVectors: 1
  m_LightProbeUsage: 1
  m_ReflectionProbeUsage: 1
  m_RayTracingMode: 2
  m_RayTraceProcedural: 0
  m_RenderingLayerMask: 1
  m_RendererPriority: 0
  m_Materials:
  - {fileID: 2100000, guid: c4f23072dead14a21be566fb8594c677, type: 2}
  m_StaticBatchInfo:
    firstSubMesh: 0
    subMeshCount: 0
  m_StaticBatchRoot: {fileID: 0}
  m_ProbeAnchor: {fileID: 0}
  m_LightProbeVolumeOverride: {fileID: 0}
  m_ScaleInLightmap: 1
  m_ReceiveGI: 1
  m_PreserveUVs: 0
  m_IgnoreNormalsForChartDetection: 0
  m_ImportantGI: 0
  m_StitchLightmapSeams: 1
  m_SelectedEditorRenderState: 3
  m_MinimumChartSize: 4
  m_AutoUVMaxDistance: 0.5
  m_AutoUVMaxAngle: 89
  m_LightmapParameters: {fileID: 0}
  m_SortingLayerID: 0
  m_SortingLayer: 0
  m_SortingOrder: 0
  m_AdditionalVertexStreams: {fileID: 0}
--- !u!33 &160886812
MeshFilter:
  m_ObjectHideFlags: 0
  m_CorrespondingSourceObject: {fileID: 0}
  m_PrefabInstance: {fileID: 0}
  m_PrefabAsset: {fileID: 0}
  m_GameObject: {fileID: 160886809}
  m_Mesh: {fileID: 10209, guid: 0000000000000000e000000000000000, type: 0}
--- !u!4 &160886813
Transform:
  m_ObjectHideFlags: 0
  m_CorrespondingSourceObject: {fileID: 0}
  m_PrefabInstance: {fileID: 0}
  m_PrefabAsset: {fileID: 0}
  m_GameObject: {fileID: 160886809}
  m_LocalRotation: {x: 0, y: 0, z: 0, w: 1}
  m_LocalPosition: {x: 0, y: 0, z: 0}
  m_LocalScale: {x: 2, y: 1, z: 2}
  m_Children: []
  m_Father: {fileID: 0}
  m_RootOrder: 1
  m_LocalEulerAnglesHint: {x: 0, y: 0, z: 0}
--- !u!114 &160886814
MonoBehaviour:
  m_ObjectHideFlags: 0
  m_CorrespondingSourceObject: {fileID: 0}
  m_PrefabInstance: {fileID: 0}
  m_PrefabAsset: {fileID: 0}
  m_GameObject: {fileID: 160886809}
  m_Enabled: 1
  m_EditorHideFlags: 0
  m_Script: {fileID: 11500000, guid: d516a366aef954240872448276b65343, type: 3}
  m_Name: 
  m_EditorClassIdentifier: 
--- !u!114 &160886815
MonoBehaviour:
  m_ObjectHideFlags: 0
  m_CorrespondingSourceObject: {fileID: 0}
  m_PrefabInstance: {fileID: 0}
  m_PrefabAsset: {fileID: 0}
  m_GameObject: {fileID: 160886809}
  m_Enabled: 1
  m_EditorHideFlags: 0
  m_Script: {fileID: 11500000, guid: 32fec33bf4b4a43128a47933321b9882, type: 3}
  m_Name: 
  m_EditorClassIdentifier: 
  m_from: {x: 0, y: 45, z: 0}
  m_to: {x: 0, y: -45, z: 0}
  m_frequency: 1
--- !u!1001 &325789897
PrefabInstance:
  m_ObjectHideFlags: 0
  serializedVersion: 2
  m_Modification:
    m_TransformParent: {fileID: 516720415}
    m_Modifications:
    - target: {fileID: 4497106929372893995, guid: 897ac2452faca4868ab0599fb63d3a80, type: 3}
      propertyPath: m_Name
      value: PickUp (9)
      objectReference: {fileID: 0}
    - target: {fileID: 4497106929372894006, guid: 897ac2452faca4868ab0599fb63d3a80, type: 3}
      propertyPath: m_LocalPosition.x
      value: 4.97
      objectReference: {fileID: 0}
    - target: {fileID: 4497106929372894006, guid: 897ac2452faca4868ab0599fb63d3a80, type: 3}
      propertyPath: m_LocalPosition.y
      value: 1.16
      objectReference: {fileID: 0}
    - target: {fileID: 4497106929372894006, guid: 897ac2452faca4868ab0599fb63d3a80, type: 3}
      propertyPath: m_LocalPosition.z
      value: 4.33
      objectReference: {fileID: 0}
    - target: {fileID: 4497106929372894006, guid: 897ac2452faca4868ab0599fb63d3a80, type: 3}
      propertyPath: m_LocalRotation.x
      value: -0.46164414
      objectReference: {fileID: 0}
    - target: {fileID: 4497106929372894006, guid: 897ac2452faca4868ab0599fb63d3a80, type: 3}
      propertyPath: m_LocalRotation.y
      value: -0.2215363
      objectReference: {fileID: 0}
    - target: {fileID: 4497106929372894006, guid: 897ac2452faca4868ab0599fb63d3a80, type: 3}
      propertyPath: m_LocalRotation.z
      value: -0.85590637
      objectReference: {fileID: 0}
    - target: {fileID: 4497106929372894006, guid: 897ac2452faca4868ab0599fb63d3a80, type: 3}
      propertyPath: m_LocalRotation.w
      value: -0.07232365
      objectReference: {fileID: 0}
    - target: {fileID: 4497106929372894006, guid: 897ac2452faca4868ab0599fb63d3a80, type: 3}
      propertyPath: m_RootOrder
      value: 8
      objectReference: {fileID: 0}
    - target: {fileID: 4497106929372894006, guid: 897ac2452faca4868ab0599fb63d3a80, type: 3}
      propertyPath: m_LocalEulerAnglesHint.x
      value: 45
      objectReference: {fileID: 0}
    - target: {fileID: 4497106929372894006, guid: 897ac2452faca4868ab0599fb63d3a80, type: 3}
      propertyPath: m_LocalEulerAnglesHint.y
      value: 45
      objectReference: {fileID: 0}
    - target: {fileID: 4497106929372894006, guid: 897ac2452faca4868ab0599fb63d3a80, type: 3}
      propertyPath: m_LocalEulerAnglesHint.z
      value: 45
      objectReference: {fileID: 0}
    m_RemovedComponents: []
  m_SourcePrefab: {fileID: 100100000, guid: 897ac2452faca4868ab0599fb63d3a80, type: 3}
--- !u!4 &325789898 stripped
Transform:
  m_CorrespondingSourceObject: {fileID: 4497106929372894006, guid: 897ac2452faca4868ab0599fb63d3a80, type: 3}
  m_PrefabInstance: {fileID: 325789897}
  m_PrefabAsset: {fileID: 0}
--- !u!1001 &401665783
PrefabInstance:
  m_ObjectHideFlags: 0
  serializedVersion: 2
  m_Modification:
    m_TransformParent: {fileID: 516720415}
    m_Modifications:
    - target: {fileID: 4497106929372893995, guid: 897ac2452faca4868ab0599fb63d3a80, type: 3}
      propertyPath: m_Name
      value: PickUp (5)
      objectReference: {fileID: 0}
    - target: {fileID: 4497106929372894006, guid: 897ac2452faca4868ab0599fb63d3a80, type: 3}
      propertyPath: m_LocalPosition.x
      value: -5.1
      objectReference: {fileID: 0}
    - target: {fileID: 4497106929372894006, guid: 897ac2452faca4868ab0599fb63d3a80, type: 3}
      propertyPath: m_LocalPosition.y
      value: 1.16
      objectReference: {fileID: 0}
    - target: {fileID: 4497106929372894006, guid: 897ac2452faca4868ab0599fb63d3a80, type: 3}
      propertyPath: m_LocalPosition.z
      value: -3.4
      objectReference: {fileID: 0}
    - target: {fileID: 4497106929372894006, guid: 897ac2452faca4868ab0599fb63d3a80, type: 3}
      propertyPath: m_LocalRotation.x
      value: -0.46164414
      objectReference: {fileID: 0}
    - target: {fileID: 4497106929372894006, guid: 897ac2452faca4868ab0599fb63d3a80, type: 3}
      propertyPath: m_LocalRotation.y
      value: -0.2215363
      objectReference: {fileID: 0}
    - target: {fileID: 4497106929372894006, guid: 897ac2452faca4868ab0599fb63d3a80, type: 3}
      propertyPath: m_LocalRotation.z
      value: -0.85590637
      objectReference: {fileID: 0}
    - target: {fileID: 4497106929372894006, guid: 897ac2452faca4868ab0599fb63d3a80, type: 3}
      propertyPath: m_LocalRotation.w
      value: -0.07232365
      objectReference: {fileID: 0}
    - target: {fileID: 4497106929372894006, guid: 897ac2452faca4868ab0599fb63d3a80, type: 3}
      propertyPath: m_RootOrder
      value: 4
      objectReference: {fileID: 0}
    - target: {fileID: 4497106929372894006, guid: 897ac2452faca4868ab0599fb63d3a80, type: 3}
      propertyPath: m_LocalEulerAnglesHint.x
      value: 45
      objectReference: {fileID: 0}
    - target: {fileID: 4497106929372894006, guid: 897ac2452faca4868ab0599fb63d3a80, type: 3}
      propertyPath: m_LocalEulerAnglesHint.y
      value: 45
      objectReference: {fileID: 0}
    - target: {fileID: 4497106929372894006, guid: 897ac2452faca4868ab0599fb63d3a80, type: 3}
      propertyPath: m_LocalEulerAnglesHint.z
      value: 45
      objectReference: {fileID: 0}
    m_RemovedComponents: []
  m_SourcePrefab: {fileID: 100100000, guid: 897ac2452faca4868ab0599fb63d3a80, type: 3}
--- !u!4 &401665784 stripped
Transform:
  m_CorrespondingSourceObject: {fileID: 4497106929372894006, guid: 897ac2452faca4868ab0599fb63d3a80, type: 3}
  m_PrefabInstance: {fileID: 401665783}
  m_PrefabAsset: {fileID: 0}
--- !u!1 &516720414
GameObject:
  m_ObjectHideFlags: 0
  m_CorrespondingSourceObject: {fileID: 0}
  m_PrefabInstance: {fileID: 0}
  m_PrefabAsset: {fileID: 0}
  serializedVersion: 6
  m_Component:
  - component: {fileID: 516720415}
  m_Layer: 0
  m_Name: PickupParent
  m_TagString: Untagged
  m_Icon: {fileID: 0}
  m_NavMeshLayer: 0
  m_StaticEditorFlags: 0
  m_IsActive: 1
--- !u!4 &516720415
Transform:
  m_ObjectHideFlags: 0
  m_CorrespondingSourceObject: {fileID: 0}
  m_PrefabInstance: {fileID: 0}
  m_PrefabAsset: {fileID: 0}
  m_GameObject: {fileID: 516720414}
  m_LocalRotation: {x: 0, y: 0, z: 0, w: 1}
  m_LocalPosition: {x: 0, y: 0, z: 0}
  m_LocalScale: {x: 1, y: 1, z: 1}
  m_Children:
  - {fileID: 2134933603}
  - {fileID: 1367814816}
  - {fileID: 1670731785}
  - {fileID: 28881159}
  - {fileID: 401665784}
  - {fileID: 1744704958}
  - {fileID: 1055368460}
  - {fileID: 2020429306}
  - {fileID: 325789898}
  - {fileID: 1585277115}
  - {fileID: 1988125298}
  - {fileID: 622547658}
  m_Father: {fileID: 0}
  m_RootOrder: 5
  m_LocalEulerAnglesHint: {x: 0, y: 0, z: 0}
--- !u!1 &522594236
GameObject:
  m_ObjectHideFlags: 0
  m_CorrespondingSourceObject: {fileID: 0}
  m_PrefabInstance: {fileID: 0}
  m_PrefabAsset: {fileID: 0}
  serializedVersion: 6
  m_Component:
  - component: {fileID: 522594237}
  - component: {fileID: 522594240}
  - component: {fileID: 522594239}
  - component: {fileID: 522594238}
  m_Layer: 0
  m_Name: EastWall
  m_TagString: Untagged
  m_Icon: {fileID: 0}
  m_NavMeshLayer: 0
  m_StaticEditorFlags: 0
  m_IsActive: 1
--- !u!4 &522594237
Transform:
  m_ObjectHideFlags: 0
  m_CorrespondingSourceObject: {fileID: 0}
  m_PrefabInstance: {fileID: 0}
  m_PrefabAsset: {fileID: 0}
  m_GameObject: {fileID: 522594236}
  m_LocalRotation: {x: -0, y: -0, z: -0, w: 1}
  m_LocalPosition: {x: 10, y: 0, z: 0}
  m_LocalScale: {x: 0.5, y: 2, z: 20.5}
  m_Children: []
  m_Father: {fileID: 99603591}
  m_RootOrder: 1
  m_LocalEulerAnglesHint: {x: 0, y: 0, z: 0}
--- !u!65 &522594238
BoxCollider:
  m_ObjectHideFlags: 0
  m_CorrespondingSourceObject: {fileID: 0}
  m_PrefabInstance: {fileID: 0}
  m_PrefabAsset: {fileID: 0}
  m_GameObject: {fileID: 522594236}
  m_Material: {fileID: 0}
  m_IsTrigger: 0
  m_Enabled: 1
  serializedVersion: 2
  m_Size: {x: 1, y: 1, z: 1}
  m_Center: {x: 0, y: 0, z: 0}
--- !u!23 &522594239
MeshRenderer:
  m_ObjectHideFlags: 0
  m_CorrespondingSourceObject: {fileID: 0}
  m_PrefabInstance: {fileID: 0}
  m_PrefabAsset: {fileID: 0}
  m_GameObject: {fileID: 522594236}
  m_Enabled: 1
  m_CastShadows: 1
  m_ReceiveShadows: 1
  m_DynamicOccludee: 1
  m_MotionVectors: 1
  m_LightProbeUsage: 1
  m_ReflectionProbeUsage: 1
  m_RayTracingMode: 2
  m_RayTraceProcedural: 0
  m_RenderingLayerMask: 1
  m_RendererPriority: 0
  m_Materials:
  - {fileID: 2100000, guid: faaaa071fb32e43adbfa4de742dc91bd, type: 2}
  m_StaticBatchInfo:
    firstSubMesh: 0
    subMeshCount: 0
  m_StaticBatchRoot: {fileID: 0}
  m_ProbeAnchor: {fileID: 0}
  m_LightProbeVolumeOverride: {fileID: 0}
  m_ScaleInLightmap: 1
  m_ReceiveGI: 1
  m_PreserveUVs: 0
  m_IgnoreNormalsForChartDetection: 0
  m_ImportantGI: 0
  m_StitchLightmapSeams: 1
  m_SelectedEditorRenderState: 3
  m_MinimumChartSize: 4
  m_AutoUVMaxDistance: 0.5
  m_AutoUVMaxAngle: 89
  m_LightmapParameters: {fileID: 0}
  m_SortingLayerID: 0
  m_SortingLayer: 0
  m_SortingOrder: 0
  m_AdditionalVertexStreams: {fileID: 0}
--- !u!33 &522594240
MeshFilter:
  m_ObjectHideFlags: 0
  m_CorrespondingSourceObject: {fileID: 0}
  m_PrefabInstance: {fileID: 0}
  m_PrefabAsset: {fileID: 0}
  m_GameObject: {fileID: 522594236}
  m_Mesh: {fileID: 10202, guid: 0000000000000000e000000000000000, type: 0}
--- !u!1 &546194393
GameObject:
  m_ObjectHideFlags: 0
  m_CorrespondingSourceObject: {fileID: 0}
  m_PrefabInstance: {fileID: 0}
  m_PrefabAsset: {fileID: 0}
  serializedVersion: 6
  m_Component:
  - component: {fileID: 546194397}
  - component: {fileID: 546194396}
  - component: {fileID: 546194395}
  - component: {fileID: 546194394}
  m_Layer: 5
  m_Name: Canvas
  m_TagString: Untagged
  m_Icon: {fileID: 0}
  m_NavMeshLayer: 0
  m_StaticEditorFlags: 0
  m_IsActive: 1
--- !u!114 &546194394
MonoBehaviour:
  m_ObjectHideFlags: 0
  m_CorrespondingSourceObject: {fileID: 0}
  m_PrefabInstance: {fileID: 0}
  m_PrefabAsset: {fileID: 0}
  m_GameObject: {fileID: 546194393}
  m_Enabled: 1
  m_EditorHideFlags: 0
  m_Script: {fileID: 11500000, guid: dc42784cf147c0c48a680349fa168899, type: 3}
  m_Name: 
  m_EditorClassIdentifier: 
  m_IgnoreReversedGraphics: 1
  m_BlockingObjects: 0
  m_BlockingMask:
    serializedVersion: 2
    m_Bits: 4294967295
--- !u!114 &546194395
MonoBehaviour:
  m_ObjectHideFlags: 0
  m_CorrespondingSourceObject: {fileID: 0}
  m_PrefabInstance: {fileID: 0}
  m_PrefabAsset: {fileID: 0}
  m_GameObject: {fileID: 546194393}
  m_Enabled: 1
  m_EditorHideFlags: 0
  m_Script: {fileID: 11500000, guid: 0cd44c1031e13a943bb63640046fad76, type: 3}
  m_Name: 
  m_EditorClassIdentifier: 
  m_UiScaleMode: 0
  m_ReferencePixelsPerUnit: 100
  m_ScaleFactor: 1
  m_ReferenceResolution: {x: 800, y: 600}
  m_ScreenMatchMode: 0
  m_MatchWidthOrHeight: 0
  m_PhysicalUnit: 3
  m_FallbackScreenDPI: 96
  m_DefaultSpriteDPI: 96
  m_DynamicPixelsPerUnit: 1
--- !u!223 &546194396
Canvas:
  m_ObjectHideFlags: 0
  m_CorrespondingSourceObject: {fileID: 0}
  m_PrefabInstance: {fileID: 0}
  m_PrefabAsset: {fileID: 0}
  m_GameObject: {fileID: 546194393}
  m_Enabled: 1
  serializedVersion: 3
  m_RenderMode: 0
  m_Camera: {fileID: 0}
  m_PlaneDistance: 100
  m_PixelPerfect: 0
  m_ReceivesEvents: 1
  m_OverrideSorting: 0
  m_OverridePixelPerfect: 0
  m_SortingBucketNormalizedSize: 0
  m_AdditionalShaderChannelsFlag: 25
  m_SortingLayerID: 0
  m_SortingOrder: 0
  m_TargetDisplay: 0
--- !u!224 &546194397
RectTransform:
  m_ObjectHideFlags: 0
  m_CorrespondingSourceObject: {fileID: 0}
  m_PrefabInstance: {fileID: 0}
  m_PrefabAsset: {fileID: 0}
  m_GameObject: {fileID: 546194393}
  m_LocalRotation: {x: 0, y: 0, z: 0, w: 1}
  m_LocalPosition: {x: 0, y: 0, z: 0}
  m_LocalScale: {x: 0, y: 0, z: 0}
  m_Children:
  - {fileID: 1921047935}
  - {fileID: 562863624}
  - {fileID: 1830986337}
  m_Father: {fileID: 0}
  m_RootOrder: 6
  m_LocalEulerAnglesHint: {x: 0, y: 0, z: 0}
  m_AnchorMin: {x: 0, y: 0}
  m_AnchorMax: {x: 0, y: 0}
  m_AnchoredPosition: {x: 0, y: 0}
  m_SizeDelta: {x: 0, y: 0}
  m_Pivot: {x: 0, y: 0}
--- !u!1 &550833647
GameObject:
  m_ObjectHideFlags: 0
  m_CorrespondingSourceObject: {fileID: 0}
  m_PrefabInstance: {fileID: 0}
  m_PrefabAsset: {fileID: 0}
  serializedVersion: 6
  m_Component:
  - component: {fileID: 550833650}
  - component: {fileID: 550833649}
  - component: {fileID: 550833648}
  - component: {fileID: 550833651}
  m_Layer: 0
  m_Name: Main Camera
  m_TagString: MainCamera
  m_Icon: {fileID: 0}
  m_NavMeshLayer: 0
  m_StaticEditorFlags: 0
  m_IsActive: 1
--- !u!81 &550833648
AudioListener:
  m_ObjectHideFlags: 0
  m_CorrespondingSourceObject: {fileID: 0}
  m_PrefabInstance: {fileID: 0}
  m_PrefabAsset: {fileID: 0}
  m_GameObject: {fileID: 550833647}
  m_Enabled: 1
--- !u!20 &550833649
Camera:
  m_ObjectHideFlags: 0
  m_CorrespondingSourceObject: {fileID: 0}
  m_PrefabInstance: {fileID: 0}
  m_PrefabAsset: {fileID: 0}
  m_GameObject: {fileID: 550833647}
  m_Enabled: 1
  serializedVersion: 2
  m_ClearFlags: 1
  m_BackGroundColor: {r: 0.19215687, g: 0.3019608, b: 0.4745098, a: 0}
  m_projectionMatrixMode: 2
  m_GateFitMode: 2
  m_FOVAxisMode: 0
  m_SensorSize: {x: 36, y: 24}
  m_LensShift: {x: 0, y: 0}
  m_FocalLength: 50
  m_NormalizedViewPortRect:
    serializedVersion: 2
    x: 0
    y: 0
    width: 1
    height: 1
  near clip plane: 0.3
  far clip plane: 1000
  field of view: 26.991467
  orthographic: 0
  orthographic size: 5
  m_Depth: -1
  m_CullingMask:
    serializedVersion: 2
    m_Bits: 4294967295
  m_RenderingPath: -1
  m_TargetTexture: {fileID: 0}
  m_TargetDisplay: 0
  m_TargetEye: 3
  m_HDR: 1
  m_AllowMSAA: 1
  m_AllowDynamicResolution: 0
  m_ForceIntoRT: 0
  m_OcclusionCulling: 1
  m_StereoConvergence: 10
  m_StereoSeparation: 0.022
--- !u!4 &550833650
Transform:
  m_ObjectHideFlags: 0
  m_CorrespondingSourceObject: {fileID: 0}
  m_PrefabInstance: {fileID: 0}
  m_PrefabAsset: {fileID: 0}
  m_GameObject: {fileID: 550833647}
  m_LocalRotation: {x: 0.38268343, y: -0, z: -0, w: 0.92387956}
  m_LocalPosition: {x: 0, y: 10, z: -10}
  m_LocalScale: {x: 1, y: 1, z: 1}
  m_Children: []
  m_Father: {fileID: 0}
  m_RootOrder: 3
  m_LocalEulerAnglesHint: {x: 45, y: 0, z: 0}
--- !u!114 &550833651
MonoBehaviour:
  m_ObjectHideFlags: 0
  m_CorrespondingSourceObject: {fileID: 0}
  m_PrefabInstance: {fileID: 0}
  m_PrefabAsset: {fileID: 0}
  m_GameObject: {fileID: 550833647}
  m_Enabled: 1
  m_EditorHideFlags: 0
  m_Script: {fileID: 11500000, guid: a7b206fa1b5c14dff865e27e871c4033, type: 3}
  m_Name: 
  m_EditorClassIdentifier: 
  player: {fileID: 1422235325}
--- !u!1 &562863623
GameObject:
  m_ObjectHideFlags: 0
  m_CorrespondingSourceObject: {fileID: 0}
  m_PrefabInstance: {fileID: 0}
  m_PrefabAsset: {fileID: 0}
  serializedVersion: 6
  m_Component:
  - component: {fileID: 562863624}
  - component: {fileID: 562863626}
  - component: {fileID: 562863625}
  m_Layer: 5
  m_Name: WinText
  m_TagString: Untagged
  m_Icon: {fileID: 0}
  m_NavMeshLayer: 0
  m_StaticEditorFlags: 0
  m_IsActive: 1
--- !u!224 &562863624
RectTransform:
  m_ObjectHideFlags: 0
  m_CorrespondingSourceObject: {fileID: 0}
  m_PrefabInstance: {fileID: 0}
  m_PrefabAsset: {fileID: 0}
  m_GameObject: {fileID: 562863623}
  m_LocalRotation: {x: 0, y: 0, z: 0, w: 1}
  m_LocalPosition: {x: 0, y: 0, z: 0}
  m_LocalScale: {x: 1, y: 1, z: 1}
  m_Children: []
  m_Father: {fileID: 546194397}
  m_RootOrder: 1
  m_LocalEulerAnglesHint: {x: 0, y: 0, z: 0}
  m_AnchorMin: {x: 0.5, y: 0.5}
  m_AnchorMax: {x: 0.5, y: 0.5}
  m_AnchoredPosition: {x: 0, y: 130}
  m_SizeDelta: {x: 200, y: 50}
  m_Pivot: {x: 0.5, y: 0.5}
--- !u!114 &562863625
MonoBehaviour:
  m_ObjectHideFlags: 0
  m_CorrespondingSourceObject: {fileID: 0}
  m_PrefabInstance: {fileID: 0}
  m_PrefabAsset: {fileID: 0}
  m_GameObject: {fileID: 562863623}
  m_Enabled: 1
  m_EditorHideFlags: 0
  m_Script: {fileID: 11500000, guid: f4688fdb7df04437aeb418b961361dc5, type: 3}
  m_Name: 
  m_EditorClassIdentifier: 
  m_Material: {fileID: 0}
  m_Color: {r: 1, g: 1, b: 1, a: 1}
  m_RaycastTarget: 1
  m_RaycastPadding: {x: 0, y: 0, z: 0, w: 0}
  m_Maskable: 1
  m_OnCullStateChanged:
    m_PersistentCalls:
      m_Calls: []
  m_text: You win!
  m_isRightToLeft: 0
  m_fontAsset: {fileID: 11400000, guid: 8f586378b4e144a9851e7b34d9b748ee, type: 2}
  m_sharedMaterial: {fileID: 2180264, guid: 8f586378b4e144a9851e7b34d9b748ee, type: 2}
  m_fontSharedMaterials: []
  m_fontMaterial: {fileID: 0}
  m_fontMaterials: []
  m_fontColor32:
    serializedVersion: 2
    rgba: 4278190080
  m_fontColor: {r: 0, g: 0, b: 0, a: 1}
  m_enableVertexGradient: 0
  m_colorMode: 3
  m_fontColorGradient:
    topLeft: {r: 1, g: 1, b: 1, a: 1}
    topRight: {r: 1, g: 1, b: 1, a: 1}
    bottomLeft: {r: 1, g: 1, b: 1, a: 1}
    bottomRight: {r: 1, g: 1, b: 1, a: 1}
  m_fontColorGradientPreset: {fileID: 0}
  m_spriteAsset: {fileID: 0}
  m_tintAllSprites: 0
  m_StyleSheet: {fileID: 0}
  m_TextStyleHashCode: -1183493901
  m_overrideHtmlColors: 0
  m_faceColor:
    serializedVersion: 2
    rgba: 4294967295
  m_fontSize: 32
  m_fontSizeBase: 32
  m_fontWeight: 400
  m_enableAutoSizing: 0
  m_fontSizeMin: 18
  m_fontSizeMax: 72
  m_fontStyle: 1
  m_HorizontalAlignment: 2
  m_VerticalAlignment: 256
  m_textAlignment: 65535
  m_characterSpacing: 0
  m_wordSpacing: 0
  m_lineSpacing: 0
  m_lineSpacingMax: 0
  m_paragraphSpacing: 0
  m_charWidthMaxAdj: 0
  m_enableWordWrapping: 1
  m_wordWrappingRatios: 0.4
  m_overflowMode: 0
  m_linkedTextComponent: {fileID: 0}
  parentLinkedComponent: {fileID: 0}
  m_enableKerning: 1
  m_enableExtraPadding: 0
  checkPaddingRequired: 0
  m_isRichText: 1
  m_parseCtrlCharacters: 1
  m_isOrthographic: 1
  m_isCullingEnabled: 0
  m_horizontalMapping: 0
  m_verticalMapping: 0
  m_uvLineOffset: 0
  m_geometrySortingOrder: 0
  m_IsTextObjectScaleStatic: 0
  m_VertexBufferAutoSizeReduction: 1
  m_useMaxVisibleDescender: 1
  m_pageToDisplay: 1
  m_margin: {x: 0, y: 0, z: 0, w: 0}
  m_isUsingLegacyAnimationComponent: 0
  m_isVolumetricText: 0
  m_hasFontAssetChanged: 0
  m_baseMaterial: {fileID: 0}
  m_maskOffset: {x: 0, y: 0, z: 0, w: 0}
--- !u!222 &562863626
CanvasRenderer:
  m_ObjectHideFlags: 0
  m_CorrespondingSourceObject: {fileID: 0}
  m_PrefabInstance: {fileID: 0}
  m_PrefabAsset: {fileID: 0}
  m_GameObject: {fileID: 562863623}
  m_CullTransparentMesh: 0
--- !u!1001 &622547657
PrefabInstance:
  m_ObjectHideFlags: 0
  serializedVersion: 2
  m_Modification:
    m_TransformParent: {fileID: 516720415}
    m_Modifications:
    - target: {fileID: 4497106929372893995, guid: 897ac2452faca4868ab0599fb63d3a80, type: 3}
      propertyPath: m_Name
      value: PickUp (12)
      objectReference: {fileID: 0}
    - target: {fileID: 4497106929372894006, guid: 897ac2452faca4868ab0599fb63d3a80, type: 3}
      propertyPath: m_LocalPosition.x
      value: -5.46
      objectReference: {fileID: 0}
    - target: {fileID: 4497106929372894006, guid: 897ac2452faca4868ab0599fb63d3a80, type: 3}
      propertyPath: m_LocalPosition.y
      value: 1.16
      objectReference: {fileID: 0}
    - target: {fileID: 4497106929372894006, guid: 897ac2452faca4868ab0599fb63d3a80, type: 3}
      propertyPath: m_LocalPosition.z
      value: 2.57
      objectReference: {fileID: 0}
    - target: {fileID: 4497106929372894006, guid: 897ac2452faca4868ab0599fb63d3a80, type: 3}
      propertyPath: m_LocalRotation.x
      value: -0.46164414
      objectReference: {fileID: 0}
    - target: {fileID: 4497106929372894006, guid: 897ac2452faca4868ab0599fb63d3a80, type: 3}
      propertyPath: m_LocalRotation.y
      value: -0.2215363
      objectReference: {fileID: 0}
    - target: {fileID: 4497106929372894006, guid: 897ac2452faca4868ab0599fb63d3a80, type: 3}
      propertyPath: m_LocalRotation.z
      value: -0.85590637
      objectReference: {fileID: 0}
    - target: {fileID: 4497106929372894006, guid: 897ac2452faca4868ab0599fb63d3a80, type: 3}
      propertyPath: m_LocalRotation.w
      value: -0.07232365
      objectReference: {fileID: 0}
    - target: {fileID: 4497106929372894006, guid: 897ac2452faca4868ab0599fb63d3a80, type: 3}
      propertyPath: m_RootOrder
      value: 11
      objectReference: {fileID: 0}
    - target: {fileID: 4497106929372894006, guid: 897ac2452faca4868ab0599fb63d3a80, type: 3}
      propertyPath: m_LocalEulerAnglesHint.x
      value: 45
      objectReference: {fileID: 0}
    - target: {fileID: 4497106929372894006, guid: 897ac2452faca4868ab0599fb63d3a80, type: 3}
      propertyPath: m_LocalEulerAnglesHint.y
      value: 45
      objectReference: {fileID: 0}
    - target: {fileID: 4497106929372894006, guid: 897ac2452faca4868ab0599fb63d3a80, type: 3}
      propertyPath: m_LocalEulerAnglesHint.z
      value: 45
      objectReference: {fileID: 0}
    m_RemovedComponents: []
  m_SourcePrefab: {fileID: 100100000, guid: 897ac2452faca4868ab0599fb63d3a80, type: 3}
--- !u!4 &622547658 stripped
Transform:
  m_CorrespondingSourceObject: {fileID: 4497106929372894006, guid: 897ac2452faca4868ab0599fb63d3a80, type: 3}
  m_PrefabInstance: {fileID: 622547657}
  m_PrefabAsset: {fileID: 0}
--- !u!1 &673015016 stripped
GameObject:
  m_CorrespondingSourceObject: {fileID: 4497106929372893995, guid: 897ac2452faca4868ab0599fb63d3a80, type: 3}
  m_PrefabInstance: {fileID: 1367814815}
  m_PrefabAsset: {fileID: 0}
--- !u!114 &673015022
MonoBehaviour:
  m_ObjectHideFlags: 0
  m_CorrespondingSourceObject: {fileID: 0}
  m_PrefabInstance: {fileID: 0}
  m_PrefabAsset: {fileID: 0}
  m_GameObject: {fileID: 673015016}
  m_Enabled: 1
  m_EditorHideFlags: 0
  m_Script: {fileID: 11500000, guid: 879c38ca04f73429d81b8d9dfc62481b, type: 3}
  m_Name: 
  m_EditorClassIdentifier: 
  degreesPerSecond: 15
  amplitude: 0.5
  frequency: 1
--- !u!1001 &1055368459
PrefabInstance:
  m_ObjectHideFlags: 0
  serializedVersion: 2
  m_Modification:
    m_TransformParent: {fileID: 516720415}
    m_Modifications:
    - target: {fileID: 4497106929372893995, guid: 897ac2452faca4868ab0599fb63d3a80, type: 3}
      propertyPath: m_Name
      value: PickUp (7)
      objectReference: {fileID: 0}
    - target: {fileID: 4497106929372894006, guid: 897ac2452faca4868ab0599fb63d3a80, type: 3}
      propertyPath: m_LocalPosition.x
      value: -5.71
      objectReference: {fileID: 0}
    - target: {fileID: 4497106929372894006, guid: 897ac2452faca4868ab0599fb63d3a80, type: 3}
      propertyPath: m_LocalPosition.y
      value: 1.16
      objectReference: {fileID: 0}
    - target: {fileID: 4497106929372894006, guid: 897ac2452faca4868ab0599fb63d3a80, type: 3}
      propertyPath: m_LocalPosition.z
      value: 0.13
      objectReference: {fileID: 0}
    - target: {fileID: 4497106929372894006, guid: 897ac2452faca4868ab0599fb63d3a80, type: 3}
      propertyPath: m_LocalRotation.x
      value: -0.46164414
      objectReference: {fileID: 0}
    - target: {fileID: 4497106929372894006, guid: 897ac2452faca4868ab0599fb63d3a80, type: 3}
      propertyPath: m_LocalRotation.y
      value: -0.2215363
      objectReference: {fileID: 0}
    - target: {fileID: 4497106929372894006, guid: 897ac2452faca4868ab0599fb63d3a80, type: 3}
      propertyPath: m_LocalRotation.z
      value: -0.85590637
      objectReference: {fileID: 0}
    - target: {fileID: 4497106929372894006, guid: 897ac2452faca4868ab0599fb63d3a80, type: 3}
      propertyPath: m_LocalRotation.w
      value: -0.07232365
      objectReference: {fileID: 0}
    - target: {fileID: 4497106929372894006, guid: 897ac2452faca4868ab0599fb63d3a80, type: 3}
      propertyPath: m_RootOrder
      value: 6
      objectReference: {fileID: 0}
    - target: {fileID: 4497106929372894006, guid: 897ac2452faca4868ab0599fb63d3a80, type: 3}
      propertyPath: m_LocalEulerAnglesHint.x
      value: 45
      objectReference: {fileID: 0}
    - target: {fileID: 4497106929372894006, guid: 897ac2452faca4868ab0599fb63d3a80, type: 3}
      propertyPath: m_LocalEulerAnglesHint.y
      value: 45
      objectReference: {fileID: 0}
    - target: {fileID: 4497106929372894006, guid: 897ac2452faca4868ab0599fb63d3a80, type: 3}
      propertyPath: m_LocalEulerAnglesHint.z
      value: 45
      objectReference: {fileID: 0}
    m_RemovedComponents: []
  m_SourcePrefab: {fileID: 100100000, guid: 897ac2452faca4868ab0599fb63d3a80, type: 3}
--- !u!4 &1055368460 stripped
Transform:
  m_CorrespondingSourceObject: {fileID: 4497106929372894006, guid: 897ac2452faca4868ab0599fb63d3a80, type: 3}
  m_PrefabInstance: {fileID: 1055368459}
  m_PrefabAsset: {fileID: 0}
--- !u!1001 &1367814815
PrefabInstance:
  m_ObjectHideFlags: 0
  serializedVersion: 2
  m_Modification:
    m_TransformParent: {fileID: 516720415}
    m_Modifications:
    - target: {fileID: 4497106929372893995, guid: 897ac2452faca4868ab0599fb63d3a80, type: 3}
      propertyPath: m_Name
      value: PickUp (2)
      objectReference: {fileID: 0}
    - target: {fileID: 4497106929372894006, guid: 897ac2452faca4868ab0599fb63d3a80, type: 3}
      propertyPath: m_LocalPosition.x
      value: -5.11
      objectReference: {fileID: 0}
    - target: {fileID: 4497106929372894006, guid: 897ac2452faca4868ab0599fb63d3a80, type: 3}
      propertyPath: m_LocalPosition.y
      value: 1.16
      objectReference: {fileID: 0}
    - target: {fileID: 4497106929372894006, guid: 897ac2452faca4868ab0599fb63d3a80, type: 3}
      propertyPath: m_LocalPosition.z
      value: 4.94
      objectReference: {fileID: 0}
    - target: {fileID: 4497106929372894006, guid: 897ac2452faca4868ab0599fb63d3a80, type: 3}
      propertyPath: m_LocalRotation.x
      value: -0.46164414
      objectReference: {fileID: 0}
    - target: {fileID: 4497106929372894006, guid: 897ac2452faca4868ab0599fb63d3a80, type: 3}
      propertyPath: m_LocalRotation.y
      value: -0.2215363
      objectReference: {fileID: 0}
    - target: {fileID: 4497106929372894006, guid: 897ac2452faca4868ab0599fb63d3a80, type: 3}
      propertyPath: m_LocalRotation.z
      value: -0.85590637
      objectReference: {fileID: 0}
    - target: {fileID: 4497106929372894006, guid: 897ac2452faca4868ab0599fb63d3a80, type: 3}
      propertyPath: m_LocalRotation.w
      value: -0.07232365
      objectReference: {fileID: 0}
    - target: {fileID: 4497106929372894006, guid: 897ac2452faca4868ab0599fb63d3a80, type: 3}
      propertyPath: m_RootOrder
      value: 1
      objectReference: {fileID: 0}
    - target: {fileID: 4497106929372894006, guid: 897ac2452faca4868ab0599fb63d3a80, type: 3}
      propertyPath: m_LocalEulerAnglesHint.x
      value: 45
      objectReference: {fileID: 0}
    - target: {fileID: 4497106929372894006, guid: 897ac2452faca4868ab0599fb63d3a80, type: 3}
      propertyPath: m_LocalEulerAnglesHint.y
      value: 45
      objectReference: {fileID: 0}
    - target: {fileID: 4497106929372894006, guid: 897ac2452faca4868ab0599fb63d3a80, type: 3}
      propertyPath: m_LocalEulerAnglesHint.z
      value: 45
      objectReference: {fileID: 0}
    m_RemovedComponents: []
  m_SourcePrefab: {fileID: 100100000, guid: 897ac2452faca4868ab0599fb63d3a80, type: 3}
--- !u!4 &1367814816 stripped
Transform:
  m_CorrespondingSourceObject: {fileID: 4497106929372894006, guid: 897ac2452faca4868ab0599fb63d3a80, type: 3}
  m_PrefabInstance: {fileID: 1367814815}
  m_PrefabAsset: {fileID: 0}
--- !u!1 &1422235325
GameObject:
  m_ObjectHideFlags: 0
  m_CorrespondingSourceObject: {fileID: 0}
  m_PrefabInstance: {fileID: 0}
  m_PrefabAsset: {fileID: 0}
  serializedVersion: 6
  m_Component:
  - component: {fileID: 1422235330}
  - component: {fileID: 1422235329}
  - component: {fileID: 1422235328}
  - component: {fileID: 1422235327}
  - component: {fileID: 1422235326}
  - component: {fileID: 1422235332}
  - component: {fileID: 1422235331}
  m_Layer: 0
  m_Name: Player
  m_TagString: Untagged
  m_Icon: {fileID: 0}
  m_NavMeshLayer: 0
  m_StaticEditorFlags: 0
  m_IsActive: 1
--- !u!54 &1422235326
Rigidbody:
  m_ObjectHideFlags: 0
  m_CorrespondingSourceObject: {fileID: 0}
  m_PrefabInstance: {fileID: 0}
  m_PrefabAsset: {fileID: 0}
  m_GameObject: {fileID: 1422235325}
  serializedVersion: 2
  m_Mass: 1
  m_Drag: 0
  m_AngularDrag: 0.05
  m_UseGravity: 1
  m_IsKinematic: 0
  m_Interpolate: 0
  m_Constraints: 0
  m_CollisionDetection: 0
--- !u!135 &1422235327
SphereCollider:
  m_ObjectHideFlags: 0
  m_CorrespondingSourceObject: {fileID: 0}
  m_PrefabInstance: {fileID: 0}
  m_PrefabAsset: {fileID: 0}
  m_GameObject: {fileID: 1422235325}
  m_Material: {fileID: 0}
  m_IsTrigger: 0
  m_Enabled: 1
  serializedVersion: 2
  m_Radius: 0.5
  m_Center: {x: 0, y: 0, z: 0}
--- !u!23 &1422235328
MeshRenderer:
  m_ObjectHideFlags: 0
  m_CorrespondingSourceObject: {fileID: 0}
  m_PrefabInstance: {fileID: 0}
  m_PrefabAsset: {fileID: 0}
  m_GameObject: {fileID: 1422235325}
  m_Enabled: 1
  m_CastShadows: 1
  m_ReceiveShadows: 1
  m_DynamicOccludee: 0
  m_MotionVectors: 1
  m_LightProbeUsage: 1
  m_ReflectionProbeUsage: 1
  m_RayTracingMode: 2
  m_RayTraceProcedural: 0
  m_RenderingLayerMask: 1
  m_RendererPriority: 0
  m_Materials:
  - {fileID: 2100000, guid: 327cfff9d7d954c5482844680d2cfa03, type: 2}
  m_StaticBatchInfo:
    firstSubMesh: 0
    subMeshCount: 0
  m_StaticBatchRoot: {fileID: 0}
  m_ProbeAnchor: {fileID: 0}
  m_LightProbeVolumeOverride: {fileID: 0}
  m_ScaleInLightmap: 1
  m_ReceiveGI: 1
  m_PreserveUVs: 0
  m_IgnoreNormalsForChartDetection: 0
  m_ImportantGI: 0
  m_StitchLightmapSeams: 1
  m_SelectedEditorRenderState: 3
  m_MinimumChartSize: 4
  m_AutoUVMaxDistance: 0.5
  m_AutoUVMaxAngle: 89
  m_LightmapParameters: {fileID: 0}
  m_SortingLayerID: 0
  m_SortingLayer: 0
  m_SortingOrder: 0
  m_AdditionalVertexStreams: {fileID: 0}
--- !u!33 &1422235329
MeshFilter:
  m_ObjectHideFlags: 0
  m_CorrespondingSourceObject: {fileID: 0}
  m_PrefabInstance: {fileID: 0}
  m_PrefabAsset: {fileID: 0}
  m_GameObject: {fileID: 1422235325}
  m_Mesh: {fileID: 10207, guid: 0000000000000000e000000000000000, type: 0}
--- !u!4 &1422235330
Transform:
  m_ObjectHideFlags: 0
  m_CorrespondingSourceObject: {fileID: 0}
  m_PrefabInstance: {fileID: 0}
  m_PrefabAsset: {fileID: 0}
  m_GameObject: {fileID: 1422235325}
  m_LocalRotation: {x: 0, y: 0, z: 0, w: 1}
  m_LocalPosition: {x: 0, y: 0.5, z: 0}
  m_LocalScale: {x: 1, y: 1, z: 1}
  m_Children: []
  m_Father: {fileID: 0}
  m_RootOrder: 2
  m_LocalEulerAnglesHint: {x: 0, y: 0, z: 0}
--- !u!114 &1422235331
MonoBehaviour:
  m_ObjectHideFlags: 0
  m_CorrespondingSourceObject: {fileID: 0}
  m_PrefabInstance: {fileID: 0}
  m_PrefabAsset: {fileID: 0}
  m_GameObject: {fileID: 1422235325}
  m_Enabled: 1
  m_EditorHideFlags: 0
  m_Script: {fileID: 11500000, guid: 8c80aa748a38e4f30b115909b202ecb0, type: 3}
  m_Name: 
  m_EditorClassIdentifier: 
  speed: 10
  countText: {fileID: 1921047936}
  winTextObject: {fileID: 562863623}
--- !u!114 &1422235332
MonoBehaviour:
  m_ObjectHideFlags: 0
  m_CorrespondingSourceObject: {fileID: 0}
  m_PrefabInstance: {fileID: 0}
  m_PrefabAsset: {fileID: 0}
  m_GameObject: {fileID: 1422235325}
  m_Enabled: 1
  m_EditorHideFlags: 0
  m_Script: {fileID: 11500000, guid: 62899f850307741f2a39c98a8b639597, type: 3}
  m_Name: 
  m_EditorClassIdentifier: 
  m_Actions: {fileID: -944628639613478452, guid: 725a87ad4ec4b483187a7c62f9f320cf, type: 3}
  m_NotificationBehavior: 0
  m_UIInputModule: {fileID: 0}
  m_DeviceLostEvent:
    m_PersistentCalls:
      m_Calls: []
  m_DeviceRegainedEvent:
    m_PersistentCalls:
      m_Calls: []
  m_ControlsChangedEvent:
    m_PersistentCalls:
      m_Calls: []
  m_ActionEvents: []
  m_NeverAutoSwitchControlSchemes: 0
  m_DefaultControlScheme: 
  m_DefaultActionMap: Player
  m_SplitScreenIndex: -1
  m_Camera: {fileID: 0}
--- !u!1 &1575591625
GameObject:
  m_ObjectHideFlags: 0
  m_CorrespondingSourceObject: {fileID: 0}
  m_PrefabInstance: {fileID: 0}
  m_PrefabAsset: {fileID: 0}
  serializedVersion: 6
  m_Component:
  - component: {fileID: 1575591628}
  - component: {fileID: 1575591627}
  - component: {fileID: 1575591626}
  m_Layer: 0
  m_Name: EventSystem
  m_TagString: Untagged
  m_Icon: {fileID: 0}
  m_NavMeshLayer: 0
  m_StaticEditorFlags: 0
  m_IsActive: 1
--- !u!114 &1575591626
MonoBehaviour:
  m_ObjectHideFlags: 0
  m_CorrespondingSourceObject: {fileID: 0}
  m_PrefabInstance: {fileID: 0}
  m_PrefabAsset: {fileID: 0}
  m_GameObject: {fileID: 1575591625}
  m_Enabled: 1
  m_EditorHideFlags: 0
  m_Script: {fileID: 11500000, guid: 01614664b831546d2ae94a42149d80ac, type: 3}
  m_Name: 
  m_EditorClassIdentifier: 
  m_MoveRepeatDelay: 0.5
  m_MoveRepeatRate: 0.1
  m_ActionsAsset: {fileID: -944628639613478452, guid: ca9f5fa95ffab41fb9a615ab714db018, type: 3}
  m_PointAction: {fileID: 1054132383583890850, guid: ca9f5fa95ffab41fb9a615ab714db018, type: 3}
  m_MoveAction: {fileID: 3710738434707379630, guid: ca9f5fa95ffab41fb9a615ab714db018, type: 3}
  m_SubmitAction: {fileID: 2064916234097673511, guid: ca9f5fa95ffab41fb9a615ab714db018, type: 3}
  m_CancelAction: {fileID: -1967631576421560919, guid: ca9f5fa95ffab41fb9a615ab714db018, type: 3}
  m_LeftClickAction: {fileID: 8056856818456041789, guid: ca9f5fa95ffab41fb9a615ab714db018, type: 3}
  m_MiddleClickAction: {fileID: 3279352641294131588, guid: ca9f5fa95ffab41fb9a615ab714db018, type: 3}
  m_RightClickAction: {fileID: 3837173908680883260, guid: ca9f5fa95ffab41fb9a615ab714db018, type: 3}
  m_ScrollWheelAction: {fileID: 4502412055082496612, guid: ca9f5fa95ffab41fb9a615ab714db018, type: 3}
  m_TrackedDevicePositionAction: {fileID: 4754684134866288074, guid: ca9f5fa95ffab41fb9a615ab714db018, type: 3}
  m_TrackedDeviceOrientationAction: {fileID: 1025543830046995696, guid: ca9f5fa95ffab41fb9a615ab714db018, type: 3}
  m_DeselectOnBackgroundClick: 1
  m_PointerBehavior: 0
--- !u!114 &1575591627
MonoBehaviour:
  m_ObjectHideFlags: 0
  m_CorrespondingSourceObject: {fileID: 0}
  m_PrefabInstance: {fileID: 0}
  m_PrefabAsset: {fileID: 0}
  m_GameObject: {fileID: 1575591625}
  m_Enabled: 1
  m_EditorHideFlags: 0
  m_Script: {fileID: 11500000, guid: 76c392e42b5098c458856cdf6ecaaaa1, type: 3}
  m_Name: 
  m_EditorClassIdentifier: 
  m_FirstSelected: {fileID: 0}
  m_sendNavigationEvents: 1
  m_DragThreshold: 10
--- !u!4 &1575591628
Transform:
  m_ObjectHideFlags: 0
  m_CorrespondingSourceObject: {fileID: 0}
  m_PrefabInstance: {fileID: 0}
  m_PrefabAsset: {fileID: 0}
  m_GameObject: {fileID: 1575591625}
  m_LocalRotation: {x: 0, y: 0, z: 0, w: 1}
  m_LocalPosition: {x: 0, y: 0, z: 0}
  m_LocalScale: {x: 1, y: 1, z: 1}
  m_Children: []
  m_Father: {fileID: 0}
  m_RootOrder: 7
  m_LocalEulerAnglesHint: {x: 0, y: 0, z: 0}
--- !u!1001 &1585277114
PrefabInstance:
  m_ObjectHideFlags: 0
  serializedVersion: 2
  m_Modification:
    m_TransformParent: {fileID: 516720415}
    m_Modifications:
    - target: {fileID: 4497106929372893995, guid: 897ac2452faca4868ab0599fb63d3a80, type: 3}
      propertyPath: m_Name
      value: PickUp (10)
      objectReference: {fileID: 0}
    - target: {fileID: 4497106929372894006, guid: 897ac2452faca4868ab0599fb63d3a80, type: 3}
      propertyPath: m_LocalPosition.x
      value: 2.78
      objectReference: {fileID: 0}
    - target: {fileID: 4497106929372894006, guid: 897ac2452faca4868ab0599fb63d3a80, type: 3}
      propertyPath: m_LocalPosition.y
      value: 1.16
      objectReference: {fileID: 0}
    - target: {fileID: 4497106929372894006, guid: 897ac2452faca4868ab0599fb63d3a80, type: 3}
      propertyPath: m_LocalPosition.z
      value: 6.61
      objectReference: {fileID: 0}
    - target: {fileID: 4497106929372894006, guid: 897ac2452faca4868ab0599fb63d3a80, type: 3}
      propertyPath: m_LocalRotation.x
      value: -0.46164414
      objectReference: {fileID: 0}
    - target: {fileID: 4497106929372894006, guid: 897ac2452faca4868ab0599fb63d3a80, type: 3}
      propertyPath: m_LocalRotation.y
      value: -0.2215363
      objectReference: {fileID: 0}
    - target: {fileID: 4497106929372894006, guid: 897ac2452faca4868ab0599fb63d3a80, type: 3}
      propertyPath: m_LocalRotation.z
      value: -0.85590637
      objectReference: {fileID: 0}
    - target: {fileID: 4497106929372894006, guid: 897ac2452faca4868ab0599fb63d3a80, type: 3}
      propertyPath: m_LocalRotation.w
      value: -0.07232365
      objectReference: {fileID: 0}
    - target: {fileID: 4497106929372894006, guid: 897ac2452faca4868ab0599fb63d3a80, type: 3}
      propertyPath: m_RootOrder
      value: 9
      objectReference: {fileID: 0}
    - target: {fileID: 4497106929372894006, guid: 897ac2452faca4868ab0599fb63d3a80, type: 3}
      propertyPath: m_LocalEulerAnglesHint.x
      value: 45
      objectReference: {fileID: 0}
    - target: {fileID: 4497106929372894006, guid: 897ac2452faca4868ab0599fb63d3a80, type: 3}
      propertyPath: m_LocalEulerAnglesHint.y
      value: 45
      objectReference: {fileID: 0}
    - target: {fileID: 4497106929372894006, guid: 897ac2452faca4868ab0599fb63d3a80, type: 3}
      propertyPath: m_LocalEulerAnglesHint.z
      value: 45
      objectReference: {fileID: 0}
    m_RemovedComponents: []
  m_SourcePrefab: {fileID: 100100000, guid: 897ac2452faca4868ab0599fb63d3a80, type: 3}
--- !u!4 &1585277115 stripped
Transform:
  m_CorrespondingSourceObject: {fileID: 4497106929372894006, guid: 897ac2452faca4868ab0599fb63d3a80, type: 3}
  m_PrefabInstance: {fileID: 1585277114}
  m_PrefabAsset: {fileID: 0}
--- !u!1 &1637457747
GameObject:
  m_ObjectHideFlags: 0
  m_CorrespondingSourceObject: {fileID: 0}
  m_PrefabInstance: {fileID: 0}
  m_PrefabAsset: {fileID: 0}
  serializedVersion: 6
  m_Component:
  - component: {fileID: 1637457748}
  - component: {fileID: 1637457751}
  - component: {fileID: 1637457750}
  - component: {fileID: 1637457749}
  m_Layer: 0
  m_Name: WestWall
  m_TagString: Untagged
  m_Icon: {fileID: 0}
  m_NavMeshLayer: 0
  m_StaticEditorFlags: 0
  m_IsActive: 1
--- !u!4 &1637457748
Transform:
  m_ObjectHideFlags: 0
  m_CorrespondingSourceObject: {fileID: 0}
  m_PrefabInstance: {fileID: 0}
  m_PrefabAsset: {fileID: 0}
  m_GameObject: {fileID: 1637457747}
  m_LocalRotation: {x: -0, y: -0, z: -0, w: 1}
  m_LocalPosition: {x: -10, y: 0, z: 0}
  m_LocalScale: {x: 0.5, y: 2, z: 20.5}
  m_Children: []
  m_Father: {fileID: 99603591}
  m_RootOrder: 0
  m_LocalEulerAnglesHint: {x: 0, y: 0, z: 0}
--- !u!65 &1637457749
BoxCollider:
  m_ObjectHideFlags: 0
  m_CorrespondingSourceObject: {fileID: 0}
  m_PrefabInstance: {fileID: 0}
  m_PrefabAsset: {fileID: 0}
  m_GameObject: {fileID: 1637457747}
  m_Material: {fileID: 0}
  m_IsTrigger: 0
  m_Enabled: 1
  serializedVersion: 2
  m_Size: {x: 1, y: 1, z: 1}
  m_Center: {x: 0, y: 0, z: 0}
--- !u!23 &1637457750
MeshRenderer:
  m_ObjectHideFlags: 0
  m_CorrespondingSourceObject: {fileID: 0}
  m_PrefabInstance: {fileID: 0}
  m_PrefabAsset: {fileID: 0}
  m_GameObject: {fileID: 1637457747}
  m_Enabled: 1
  m_CastShadows: 1
  m_ReceiveShadows: 1
  m_DynamicOccludee: 1
  m_MotionVectors: 1
  m_LightProbeUsage: 1
  m_ReflectionProbeUsage: 1
  m_RayTracingMode: 2
  m_RayTraceProcedural: 0
  m_RenderingLayerMask: 1
  m_RendererPriority: 0
  m_Materials:
  - {fileID: 2100000, guid: faaaa071fb32e43adbfa4de742dc91bd, type: 2}
  m_StaticBatchInfo:
    firstSubMesh: 0
    subMeshCount: 0
  m_StaticBatchRoot: {fileID: 0}
  m_ProbeAnchor: {fileID: 0}
  m_LightProbeVolumeOverride: {fileID: 0}
  m_ScaleInLightmap: 1
  m_ReceiveGI: 1
  m_PreserveUVs: 0
  m_IgnoreNormalsForChartDetection: 0
  m_ImportantGI: 0
  m_StitchLightmapSeams: 1
  m_SelectedEditorRenderState: 3
  m_MinimumChartSize: 4
  m_AutoUVMaxDistance: 0.5
  m_AutoUVMaxAngle: 89
  m_LightmapParameters: {fileID: 0}
  m_SortingLayerID: 0
  m_SortingLayer: 0
  m_SortingOrder: 0
  m_AdditionalVertexStreams: {fileID: 0}
--- !u!33 &1637457751
MeshFilter:
  m_ObjectHideFlags: 0
  m_CorrespondingSourceObject: {fileID: 0}
  m_PrefabInstance: {fileID: 0}
  m_PrefabAsset: {fileID: 0}
  m_GameObject: {fileID: 1637457747}
  m_Mesh: {fileID: 10202, guid: 0000000000000000e000000000000000, type: 0}
--- !u!1001 &1670731784
PrefabInstance:
  m_ObjectHideFlags: 0
  serializedVersion: 2
  m_Modification:
    m_TransformParent: {fileID: 516720415}
    m_Modifications:
    - target: {fileID: 4497106929372893995, guid: 897ac2452faca4868ab0599fb63d3a80, type: 3}
      propertyPath: m_Name
      value: PickUp (3)
      objectReference: {fileID: 0}
    - target: {fileID: 4497106929372894006, guid: 897ac2452faca4868ab0599fb63d3a80, type: 3}
      propertyPath: m_LocalPosition.x
      value: -0.54
      objectReference: {fileID: 0}
    - target: {fileID: 4497106929372894006, guid: 897ac2452faca4868ab0599fb63d3a80, type: 3}
      propertyPath: m_LocalPosition.y
      value: 1.16
      objectReference: {fileID: 0}
    - target: {fileID: 4497106929372894006, guid: 897ac2452faca4868ab0599fb63d3a80, type: 3}
      propertyPath: m_LocalPosition.z
      value: -6.15
      objectReference: {fileID: 0}
    - target: {fileID: 4497106929372894006, guid: 897ac2452faca4868ab0599fb63d3a80, type: 3}
      propertyPath: m_LocalRotation.x
      value: -0.46164414
      objectReference: {fileID: 0}
    - target: {fileID: 4497106929372894006, guid: 897ac2452faca4868ab0599fb63d3a80, type: 3}
      propertyPath: m_LocalRotation.y
      value: -0.2215363
      objectReference: {fileID: 0}
    - target: {fileID: 4497106929372894006, guid: 897ac2452faca4868ab0599fb63d3a80, type: 3}
      propertyPath: m_LocalRotation.z
      value: -0.85590637
      objectReference: {fileID: 0}
    - target: {fileID: 4497106929372894006, guid: 897ac2452faca4868ab0599fb63d3a80, type: 3}
      propertyPath: m_LocalRotation.w
      value: -0.07232365
      objectReference: {fileID: 0}
    - target: {fileID: 4497106929372894006, guid: 897ac2452faca4868ab0599fb63d3a80, type: 3}
      propertyPath: m_RootOrder
      value: 2
      objectReference: {fileID: 0}
    - target: {fileID: 4497106929372894006, guid: 897ac2452faca4868ab0599fb63d3a80, type: 3}
      propertyPath: m_LocalEulerAnglesHint.x
      value: 45
      objectReference: {fileID: 0}
    - target: {fileID: 4497106929372894006, guid: 897ac2452faca4868ab0599fb63d3a80, type: 3}
      propertyPath: m_LocalEulerAnglesHint.y
      value: 45
      objectReference: {fileID: 0}
    - target: {fileID: 4497106929372894006, guid: 897ac2452faca4868ab0599fb63d3a80, type: 3}
      propertyPath: m_LocalEulerAnglesHint.z
      value: 45
      objectReference: {fileID: 0}
    m_RemovedComponents: []
  m_SourcePrefab: {fileID: 100100000, guid: 897ac2452faca4868ab0599fb63d3a80, type: 3}
--- !u!4 &1670731785 stripped
Transform:
  m_CorrespondingSourceObject: {fileID: 4497106929372894006, guid: 897ac2452faca4868ab0599fb63d3a80, type: 3}
  m_PrefabInstance: {fileID: 1670731784}
  m_PrefabAsset: {fileID: 0}
--- !u!1001 &1744704957
PrefabInstance:
  m_ObjectHideFlags: 0
  serializedVersion: 2
  m_Modification:
    m_TransformParent: {fileID: 516720415}
    m_Modifications:
    - target: {fileID: 4497106929372893995, guid: 897ac2452faca4868ab0599fb63d3a80, type: 3}
      propertyPath: m_Name
      value: PickUp (6)
      objectReference: {fileID: 0}
    - target: {fileID: 4497106929372894006, guid: 897ac2452faca4868ab0599fb63d3a80, type: 3}
      propertyPath: m_LocalPosition.x
      value: 3.8
      objectReference: {fileID: 0}
    - target: {fileID: 4497106929372894006, guid: 897ac2452faca4868ab0599fb63d3a80, type: 3}
      propertyPath: m_LocalPosition.y
      value: 1.16
      objectReference: {fileID: 0}
    - target: {fileID: 4497106929372894006, guid: 897ac2452faca4868ab0599fb63d3a80, type: 3}
      propertyPath: m_LocalPosition.z
      value: -4.08
      objectReference: {fileID: 0}
    - target: {fileID: 4497106929372894006, guid: 897ac2452faca4868ab0599fb63d3a80, type: 3}
      propertyPath: m_LocalRotation.x
      value: -0.46164414
      objectReference: {fileID: 0}
    - target: {fileID: 4497106929372894006, guid: 897ac2452faca4868ab0599fb63d3a80, type: 3}
      propertyPath: m_LocalRotation.y
      value: -0.2215363
      objectReference: {fileID: 0}
    - target: {fileID: 4497106929372894006, guid: 897ac2452faca4868ab0599fb63d3a80, type: 3}
      propertyPath: m_LocalRotation.z
      value: -0.85590637
      objectReference: {fileID: 0}
    - target: {fileID: 4497106929372894006, guid: 897ac2452faca4868ab0599fb63d3a80, type: 3}
      propertyPath: m_LocalRotation.w
      value: -0.07232365
      objectReference: {fileID: 0}
    - target: {fileID: 4497106929372894006, guid: 897ac2452faca4868ab0599fb63d3a80, type: 3}
      propertyPath: m_RootOrder
      value: 5
      objectReference: {fileID: 0}
    - target: {fileID: 4497106929372894006, guid: 897ac2452faca4868ab0599fb63d3a80, type: 3}
      propertyPath: m_LocalEulerAnglesHint.x
      value: 45
      objectReference: {fileID: 0}
    - target: {fileID: 4497106929372894006, guid: 897ac2452faca4868ab0599fb63d3a80, type: 3}
      propertyPath: m_LocalEulerAnglesHint.y
      value: 45
      objectReference: {fileID: 0}
    - target: {fileID: 4497106929372894006, guid: 897ac2452faca4868ab0599fb63d3a80, type: 3}
      propertyPath: m_LocalEulerAnglesHint.z
      value: 45
      objectReference: {fileID: 0}
    m_RemovedComponents: []
  m_SourcePrefab: {fileID: 100100000, guid: 897ac2452faca4868ab0599fb63d3a80, type: 3}
--- !u!4 &1744704958 stripped
Transform:
  m_CorrespondingSourceObject: {fileID: 4497106929372894006, guid: 897ac2452faca4868ab0599fb63d3a80, type: 3}
  m_PrefabInstance: {fileID: 1744704957}
  m_PrefabAsset: {fileID: 0}
--- !u!1 &1830986336
GameObject:
  m_ObjectHideFlags: 0
  m_CorrespondingSourceObject: {fileID: 0}
  m_PrefabInstance: {fileID: 0}
  m_PrefabAsset: {fileID: 0}
  serializedVersion: 6
  m_Component:
  - component: {fileID: 1830986337}
  - component: {fileID: 1830986340}
  - component: {fileID: 1830986339}
  - component: {fileID: 1830986338}
  m_Layer: 5
  m_Name: StopWatch
  m_TagString: Untagged
  m_Icon: {fileID: 0}
  m_NavMeshLayer: 0
  m_StaticEditorFlags: 0
  m_IsActive: 1
--- !u!224 &1830986337
RectTransform:
  m_ObjectHideFlags: 0
  m_CorrespondingSourceObject: {fileID: 0}
  m_PrefabInstance: {fileID: 0}
  m_PrefabAsset: {fileID: 0}
  m_GameObject: {fileID: 1830986336}
  m_LocalRotation: {x: 0, y: 0, z: 0, w: 1}
  m_LocalPosition: {x: 0, y: 0, z: 0}
  m_LocalScale: {x: 1, y: 1, z: 1}
  m_Children: []
  m_Father: {fileID: 546194397}
  m_RootOrder: 2
  m_LocalEulerAnglesHint: {x: 0, y: 0, z: 0}
  m_AnchorMin: {x: 0.5, y: 0.5}
  m_AnchorMax: {x: 0.5, y: 0.5}
  m_AnchoredPosition: {x: -323, y: 115}
  m_SizeDelta: {x: 160, y: 30}
  m_Pivot: {x: 0.5, y: 0.5}
--- !u!114 &1830986338
MonoBehaviour:
  m_ObjectHideFlags: 0
  m_CorrespondingSourceObject: {fileID: 0}
  m_PrefabInstance: {fileID: 0}
  m_PrefabAsset: {fileID: 0}
  m_GameObject: {fileID: 1830986336}
  m_Enabled: 1
  m_EditorHideFlags: 0
  m_Script: {fileID: 11500000, guid: 7fe00ed79927c4a95bb501bd84e0d052, type: 3}
  m_Name: 
  m_EditorClassIdentifier: 
  timeStart: 0
  textBox: {fileID: 1830986339}
--- !u!114 &1830986339
MonoBehaviour:
  m_ObjectHideFlags: 0
  m_CorrespondingSourceObject: {fileID: 0}
  m_PrefabInstance: {fileID: 0}
  m_PrefabAsset: {fileID: 0}
  m_GameObject: {fileID: 1830986336}
  m_Enabled: 1
  m_EditorHideFlags: 0
  m_Script: {fileID: 11500000, guid: 5f7201a12d95ffc409449d95f23cf332, type: 3}
  m_Name: 
  m_EditorClassIdentifier: 
  m_Material: {fileID: 0}
  m_Color: {r: 1, g: 1, b: 1, a: 1}
  m_RaycastTarget: 1
  m_RaycastPadding: {x: 0, y: 0, z: 0, w: 0}
  m_Maskable: 1
  m_OnCullStateChanged:
    m_PersistentCalls:
      m_Calls: []
  m_FontData:
    m_Font: {fileID: 10102, guid: 0000000000000000e000000000000000, type: 0}
    m_FontSize: 25
    m_FontStyle: 0
    m_BestFit: 0
    m_MinSize: 0
    m_MaxSize: 300
    m_Alignment: 0
    m_AlignByGeometry: 0
    m_RichText: 1
    m_HorizontalOverflow: 0
    m_VerticalOverflow: 0
    m_LineSpacing: 1
  m_Text: 0.0
--- !u!222 &1830986340
CanvasRenderer:
  m_ObjectHideFlags: 0
  m_CorrespondingSourceObject: {fileID: 0}
  m_PrefabInstance: {fileID: 0}
  m_PrefabAsset: {fileID: 0}
  m_GameObject: {fileID: 1830986336}
  m_CullTransparentMesh: 0
--- !u!1 &1903614577
GameObject:
  m_ObjectHideFlags: 0
  m_CorrespondingSourceObject: {fileID: 0}
  m_PrefabInstance: {fileID: 0}
  m_PrefabAsset: {fileID: 0}
  serializedVersion: 6
  m_Component:
  - component: {fileID: 1903614578}
  - component: {fileID: 1903614581}
  - component: {fileID: 1903614580}
  - component: {fileID: 1903614579}
  m_Layer: 0
  m_Name: NorthWall
  m_TagString: Untagged
  m_Icon: {fileID: 0}
  m_NavMeshLayer: 0
  m_StaticEditorFlags: 0
  m_IsActive: 1
--- !u!4 &1903614578
Transform:
  m_ObjectHideFlags: 0
  m_CorrespondingSourceObject: {fileID: 0}
  m_PrefabInstance: {fileID: 0}
  m_PrefabAsset: {fileID: 0}
  m_GameObject: {fileID: 1903614577}
  m_LocalRotation: {x: 0, y: 0, z: 0, w: 1}
  m_LocalPosition: {x: 0, y: 0, z: 10}
  m_LocalScale: {x: 20.5, y: 2, z: 0.5}
  m_Children: []
  m_Father: {fileID: 99603591}
  m_RootOrder: 2
  m_LocalEulerAnglesHint: {x: 0, y: 0, z: 0}
--- !u!65 &1903614579
BoxCollider:
  m_ObjectHideFlags: 0
  m_CorrespondingSourceObject: {fileID: 0}
  m_PrefabInstance: {fileID: 0}
  m_PrefabAsset: {fileID: 0}
  m_GameObject: {fileID: 1903614577}
  m_Material: {fileID: 0}
  m_IsTrigger: 0
  m_Enabled: 1
  serializedVersion: 2
  m_Size: {x: 1, y: 1, z: 1}
  m_Center: {x: 0, y: 0, z: 0}
--- !u!23 &1903614580
MeshRenderer:
  m_ObjectHideFlags: 0
  m_CorrespondingSourceObject: {fileID: 0}
  m_PrefabInstance: {fileID: 0}
  m_PrefabAsset: {fileID: 0}
  m_GameObject: {fileID: 1903614577}
  m_Enabled: 1
  m_CastShadows: 1
  m_ReceiveShadows: 1
  m_DynamicOccludee: 1
  m_MotionVectors: 1
  m_LightProbeUsage: 1
  m_ReflectionProbeUsage: 1
  m_RayTracingMode: 2
  m_RayTraceProcedural: 0
  m_RenderingLayerMask: 1
  m_RendererPriority: 0
  m_Materials:
  - {fileID: 2100000, guid: faaaa071fb32e43adbfa4de742dc91bd, type: 2}
  m_StaticBatchInfo:
    firstSubMesh: 0
    subMeshCount: 0
  m_StaticBatchRoot: {fileID: 0}
  m_ProbeAnchor: {fileID: 0}
  m_LightProbeVolumeOverride: {fileID: 0}
  m_ScaleInLightmap: 1
  m_ReceiveGI: 1
  m_PreserveUVs: 0
  m_IgnoreNormalsForChartDetection: 0
  m_ImportantGI: 0
  m_StitchLightmapSeams: 1
  m_SelectedEditorRenderState: 3
  m_MinimumChartSize: 4
  m_AutoUVMaxDistance: 0.5
  m_AutoUVMaxAngle: 89
  m_LightmapParameters: {fileID: 0}
  m_SortingLayerID: 0
  m_SortingLayer: 0
  m_SortingOrder: 0
  m_AdditionalVertexStreams: {fileID: 0}
--- !u!33 &1903614581
MeshFilter:
  m_ObjectHideFlags: 0
  m_CorrespondingSourceObject: {fileID: 0}
  m_PrefabInstance: {fileID: 0}
  m_PrefabAsset: {fileID: 0}
  m_GameObject: {fileID: 1903614577}
  m_Mesh: {fileID: 10202, guid: 0000000000000000e000000000000000, type: 0}
--- !u!1 &1921047934
GameObject:
  m_ObjectHideFlags: 0
  m_CorrespondingSourceObject: {fileID: 0}
  m_PrefabInstance: {fileID: 0}
  m_PrefabAsset: {fileID: 0}
  serializedVersion: 6
  m_Component:
  - component: {fileID: 1921047935}
  - component: {fileID: 1921047937}
  - component: {fileID: 1921047936}
  m_Layer: 5
  m_Name: CountText
  m_TagString: Untagged
  m_Icon: {fileID: 0}
  m_NavMeshLayer: 0
  m_StaticEditorFlags: 0
  m_IsActive: 1
--- !u!224 &1921047935
RectTransform:
  m_ObjectHideFlags: 0
  m_CorrespondingSourceObject: {fileID: 0}
  m_PrefabInstance: {fileID: 0}
  m_PrefabAsset: {fileID: 0}
  m_GameObject: {fileID: 1921047934}
  m_LocalRotation: {x: 0, y: 0, z: 0, w: 1}
  m_LocalPosition: {x: 0, y: 0, z: 0}
  m_LocalScale: {x: 1, y: 1, z: 1}
  m_Children: []
  m_Father: {fileID: 546194397}
  m_RootOrder: 0
  m_LocalEulerAnglesHint: {x: 0, y: 0, z: 0}
  m_AnchorMin: {x: 0, y: 1}
  m_AnchorMax: {x: 0, y: 1}
  m_AnchoredPosition: {x: 105, y: -27}
  m_SizeDelta: {x: 200, y: 50}
  m_Pivot: {x: 0.5, y: 0.5}
--- !u!114 &1921047936
MonoBehaviour:
  m_ObjectHideFlags: 0
  m_CorrespondingSourceObject: {fileID: 0}
  m_PrefabInstance: {fileID: 0}
  m_PrefabAsset: {fileID: 0}
  m_GameObject: {fileID: 1921047934}
  m_Enabled: 1
  m_EditorHideFlags: 0
  m_Script: {fileID: 11500000, guid: f4688fdb7df04437aeb418b961361dc5, type: 3}
  m_Name: 
  m_EditorClassIdentifier: 
  m_Material: {fileID: 0}
  m_Color: {r: 1, g: 1, b: 1, a: 1}
  m_RaycastTarget: 1
  m_RaycastPadding: {x: 0, y: 0, z: 0, w: 0}
  m_Maskable: 1
  m_OnCullStateChanged:
    m_PersistentCalls:
      m_Calls: []
  m_text: 'Count Text

'
  m_isRightToLeft: 0
  m_fontAsset: {fileID: 11400000, guid: 8f586378b4e144a9851e7b34d9b748ee, type: 2}
  m_sharedMaterial: {fileID: 2180264, guid: 8f586378b4e144a9851e7b34d9b748ee, type: 2}
  m_fontSharedMaterials: []
  m_fontMaterial: {fileID: 0}
  m_fontMaterials: []
  m_fontColor32:
    serializedVersion: 2
    rgba: 4294967295
  m_fontColor: {r: 1, g: 1, b: 1, a: 1}
  m_enableVertexGradient: 0
  m_colorMode: 3
  m_fontColorGradient:
    topLeft: {r: 1, g: 1, b: 1, a: 1}
    topRight: {r: 1, g: 1, b: 1, a: 1}
    bottomLeft: {r: 1, g: 1, b: 1, a: 1}
    bottomRight: {r: 1, g: 1, b: 1, a: 1}
  m_fontColorGradientPreset: {fileID: 0}
  m_spriteAsset: {fileID: 0}
  m_tintAllSprites: 0
  m_StyleSheet: {fileID: 0}
  m_TextStyleHashCode: -1183493901
  m_overrideHtmlColors: 0
  m_faceColor:
    serializedVersion: 2
    rgba: 4294967295
  m_fontSize: 36
  m_fontSizeBase: 36
  m_fontWeight: 400
  m_enableAutoSizing: 0
  m_fontSizeMin: 18
  m_fontSizeMax: 72
  m_fontStyle: 0
  m_HorizontalAlignment: 1
  m_VerticalAlignment: 256
  m_textAlignment: 65535
  m_characterSpacing: 0
  m_wordSpacing: 0
  m_lineSpacing: 0
  m_lineSpacingMax: 0
  m_paragraphSpacing: 0
  m_charWidthMaxAdj: 0
  m_enableWordWrapping: 1
  m_wordWrappingRatios: 0.4
  m_overflowMode: 0
  m_linkedTextComponent: {fileID: 0}
  parentLinkedComponent: {fileID: 0}
  m_enableKerning: 1
  m_enableExtraPadding: 0
  checkPaddingRequired: 0
  m_isRichText: 1
  m_parseCtrlCharacters: 1
  m_isOrthographic: 1
  m_isCullingEnabled: 0
  m_horizontalMapping: 0
  m_verticalMapping: 0
  m_uvLineOffset: 0
  m_geometrySortingOrder: 0
  m_IsTextObjectScaleStatic: 0
  m_VertexBufferAutoSizeReduction: 1
  m_useMaxVisibleDescender: 1
  m_pageToDisplay: 1
  m_margin: {x: 0, y: 0, z: 0, w: 0}
  m_isUsingLegacyAnimationComponent: 0
  m_isVolumetricText: 0
  m_hasFontAssetChanged: 0
  m_baseMaterial: {fileID: 0}
  m_maskOffset: {x: 0, y: 0, z: 0, w: 0}
--- !u!222 &1921047937
CanvasRenderer:
  m_ObjectHideFlags: 0
  m_CorrespondingSourceObject: {fileID: 0}
  m_PrefabInstance: {fileID: 0}
  m_PrefabAsset: {fileID: 0}
  m_GameObject: {fileID: 1921047934}
  m_CullTransparentMesh: 0
--- !u!1001 &1988125297
PrefabInstance:
  m_ObjectHideFlags: 0
  serializedVersion: 2
  m_Modification:
    m_TransformParent: {fileID: 516720415}
    m_Modifications:
    - target: {fileID: 4497106929372893995, guid: 897ac2452faca4868ab0599fb63d3a80, type: 3}
      propertyPath: m_Name
      value: PickUp (11)
      objectReference: {fileID: 0}
    - target: {fileID: 4497106929372894006, guid: 897ac2452faca4868ab0599fb63d3a80, type: 3}
      propertyPath: m_LocalPosition.x
      value: -2.94
      objectReference: {fileID: 0}
    - target: {fileID: 4497106929372894006, guid: 897ac2452faca4868ab0599fb63d3a80, type: 3}
      propertyPath: m_LocalPosition.y
      value: 1.16
      objectReference: {fileID: 0}
    - target: {fileID: 4497106929372894006, guid: 897ac2452faca4868ab0599fb63d3a80, type: 3}
      propertyPath: m_LocalPosition.z
      value: 6.61
      objectReference: {fileID: 0}
    - target: {fileID: 4497106929372894006, guid: 897ac2452faca4868ab0599fb63d3a80, type: 3}
      propertyPath: m_LocalRotation.x
      value: -0.46164414
      objectReference: {fileID: 0}
    - target: {fileID: 4497106929372894006, guid: 897ac2452faca4868ab0599fb63d3a80, type: 3}
      propertyPath: m_LocalRotation.y
      value: -0.2215363
      objectReference: {fileID: 0}
    - target: {fileID: 4497106929372894006, guid: 897ac2452faca4868ab0599fb63d3a80, type: 3}
      propertyPath: m_LocalRotation.z
      value: -0.85590637
      objectReference: {fileID: 0}
    - target: {fileID: 4497106929372894006, guid: 897ac2452faca4868ab0599fb63d3a80, type: 3}
      propertyPath: m_LocalRotation.w
      value: -0.07232365
      objectReference: {fileID: 0}
    - target: {fileID: 4497106929372894006, guid: 897ac2452faca4868ab0599fb63d3a80, type: 3}
      propertyPath: m_RootOrder
      value: 10
      objectReference: {fileID: 0}
    - target: {fileID: 4497106929372894006, guid: 897ac2452faca4868ab0599fb63d3a80, type: 3}
      propertyPath: m_LocalEulerAnglesHint.x
      value: 45
      objectReference: {fileID: 0}
    - target: {fileID: 4497106929372894006, guid: 897ac2452faca4868ab0599fb63d3a80, type: 3}
      propertyPath: m_LocalEulerAnglesHint.y
      value: 45
      objectReference: {fileID: 0}
    - target: {fileID: 4497106929372894006, guid: 897ac2452faca4868ab0599fb63d3a80, type: 3}
      propertyPath: m_LocalEulerAnglesHint.z
      value: 45
      objectReference: {fileID: 0}
    m_RemovedComponents: []
  m_SourcePrefab: {fileID: 100100000, guid: 897ac2452faca4868ab0599fb63d3a80, type: 3}
--- !u!4 &1988125298 stripped
Transform:
  m_CorrespondingSourceObject: {fileID: 4497106929372894006, guid: 897ac2452faca4868ab0599fb63d3a80, type: 3}
  m_PrefabInstance: {fileID: 1988125297}
  m_PrefabAsset: {fileID: 0}
--- !u!1001 &2020429305
PrefabInstance:
  m_ObjectHideFlags: 0
  serializedVersion: 2
  m_Modification:
    m_TransformParent: {fileID: 516720415}
    m_Modifications:
    - target: {fileID: 4497106929372893995, guid: 897ac2452faca4868ab0599fb63d3a80, type: 3}
      propertyPath: m_Name
      value: PickUp (8)
      objectReference: {fileID: 0}
    - target: {fileID: 4497106929372894006, guid: 897ac2452faca4868ab0599fb63d3a80, type: 3}
      propertyPath: m_LocalPosition.x
      value: 4.97
      objectReference: {fileID: 0}
    - target: {fileID: 4497106929372894006, guid: 897ac2452faca4868ab0599fb63d3a80, type: 3}
      propertyPath: m_LocalPosition.y
      value: 1.16
      objectReference: {fileID: 0}
    - target: {fileID: 4497106929372894006, guid: 897ac2452faca4868ab0599fb63d3a80, type: 3}
      propertyPath: m_LocalPosition.z
      value: -1.22
      objectReference: {fileID: 0}
    - target: {fileID: 4497106929372894006, guid: 897ac2452faca4868ab0599fb63d3a80, type: 3}
      propertyPath: m_LocalRotation.x
      value: -0.46164414
      objectReference: {fileID: 0}
    - target: {fileID: 4497106929372894006, guid: 897ac2452faca4868ab0599fb63d3a80, type: 3}
      propertyPath: m_LocalRotation.y
      value: -0.2215363
      objectReference: {fileID: 0}
    - target: {fileID: 4497106929372894006, guid: 897ac2452faca4868ab0599fb63d3a80, type: 3}
      propertyPath: m_LocalRotation.z
      value: -0.85590637
      objectReference: {fileID: 0}
    - target: {fileID: 4497106929372894006, guid: 897ac2452faca4868ab0599fb63d3a80, type: 3}
      propertyPath: m_LocalRotation.w
      value: -0.07232365
      objectReference: {fileID: 0}
    - target: {fileID: 4497106929372894006, guid: 897ac2452faca4868ab0599fb63d3a80, type: 3}
      propertyPath: m_RootOrder
      value: 7
      objectReference: {fileID: 0}
    - target: {fileID: 4497106929372894006, guid: 897ac2452faca4868ab0599fb63d3a80, type: 3}
      propertyPath: m_LocalEulerAnglesHint.x
      value: 45
      objectReference: {fileID: 0}
    - target: {fileID: 4497106929372894006, guid: 897ac2452faca4868ab0599fb63d3a80, type: 3}
      propertyPath: m_LocalEulerAnglesHint.y
      value: 45
      objectReference: {fileID: 0}
    - target: {fileID: 4497106929372894006, guid: 897ac2452faca4868ab0599fb63d3a80, type: 3}
      propertyPath: m_LocalEulerAnglesHint.z
      value: 45
      objectReference: {fileID: 0}
    m_RemovedComponents: []
  m_SourcePrefab: {fileID: 100100000, guid: 897ac2452faca4868ab0599fb63d3a80, type: 3}
--- !u!4 &2020429306 stripped
Transform:
  m_CorrespondingSourceObject: {fileID: 4497106929372894006, guid: 897ac2452faca4868ab0599fb63d3a80, type: 3}
  m_PrefabInstance: {fileID: 2020429305}
  m_PrefabAsset: {fileID: 0}
--- !u!1 &2082002069
GameObject:
  m_ObjectHideFlags: 0
  m_CorrespondingSourceObject: {fileID: 0}
  m_PrefabInstance: {fileID: 0}
  m_PrefabAsset: {fileID: 0}
  serializedVersion: 6
  m_Component:
  - component: {fileID: 2082002070}
  - component: {fileID: 2082002073}
  - component: {fileID: 2082002072}
  - component: {fileID: 2082002071}
  m_Layer: 0
  m_Name: SouthWall
  m_TagString: Untagged
  m_Icon: {fileID: 0}
  m_NavMeshLayer: 0
  m_StaticEditorFlags: 0
  m_IsActive: 1
--- !u!4 &2082002070
Transform:
  m_ObjectHideFlags: 0
  m_CorrespondingSourceObject: {fileID: 0}
  m_PrefabInstance: {fileID: 0}
  m_PrefabAsset: {fileID: 0}
  m_GameObject: {fileID: 2082002069}
  m_LocalRotation: {x: 0, y: 0, z: 0, w: 1}
  m_LocalPosition: {x: 0, y: 0, z: -10}
  m_LocalScale: {x: 20.5, y: 2, z: 0.5}
  m_Children: []
  m_Father: {fileID: 99603591}
  m_RootOrder: 3
  m_LocalEulerAnglesHint: {x: 0, y: 0, z: 0}
--- !u!65 &2082002071
BoxCollider:
  m_ObjectHideFlags: 0
  m_CorrespondingSourceObject: {fileID: 0}
  m_PrefabInstance: {fileID: 0}
  m_PrefabAsset: {fileID: 0}
  m_GameObject: {fileID: 2082002069}
  m_Material: {fileID: 0}
  m_IsTrigger: 0
  m_Enabled: 1
  serializedVersion: 2
  m_Size: {x: 1, y: 1, z: 1}
  m_Center: {x: 0, y: 0, z: 0}
--- !u!23 &2082002072
MeshRenderer:
  m_ObjectHideFlags: 0
  m_CorrespondingSourceObject: {fileID: 0}
  m_PrefabInstance: {fileID: 0}
  m_PrefabAsset: {fileID: 0}
  m_GameObject: {fileID: 2082002069}
  m_Enabled: 1
  m_CastShadows: 1
  m_ReceiveShadows: 1
  m_DynamicOccludee: 1
  m_MotionVectors: 1
  m_LightProbeUsage: 1
  m_ReflectionProbeUsage: 1
  m_RayTracingMode: 2
  m_RayTraceProcedural: 0
  m_RenderingLayerMask: 1
  m_RendererPriority: 0
  m_Materials:
  - {fileID: 2100000, guid: faaaa071fb32e43adbfa4de742dc91bd, type: 2}
  m_StaticBatchInfo:
    firstSubMesh: 0
    subMeshCount: 0
  m_StaticBatchRoot: {fileID: 0}
  m_ProbeAnchor: {fileID: 0}
  m_LightProbeVolumeOverride: {fileID: 0}
  m_ScaleInLightmap: 1
  m_ReceiveGI: 1
  m_PreserveUVs: 0
  m_IgnoreNormalsForChartDetection: 0
  m_ImportantGI: 0
  m_StitchLightmapSeams: 1
  m_SelectedEditorRenderState: 3
  m_MinimumChartSize: 4
  m_AutoUVMaxDistance: 0.5
  m_AutoUVMaxAngle: 89
  m_LightmapParameters: {fileID: 0}
  m_SortingLayerID: 0
  m_SortingLayer: 0
  m_SortingOrder: 0
  m_AdditionalVertexStreams: {fileID: 0}
--- !u!33 &2082002073
MeshFilter:
  m_ObjectHideFlags: 0
  m_CorrespondingSourceObject: {fileID: 0}
  m_PrefabInstance: {fileID: 0}
  m_PrefabAsset: {fileID: 0}
  m_GameObject: {fileID: 2082002069}
  m_Mesh: {fileID: 10202, guid: 0000000000000000e000000000000000, type: 0}
--- !u!1001 &2134933602
PrefabInstance:
  m_ObjectHideFlags: 0
  serializedVersion: 2
  m_Modification:
    m_TransformParent: {fileID: 516720415}
    m_Modifications:
    - target: {fileID: 4497106929372893995, guid: 897ac2452faca4868ab0599fb63d3a80, type: 3}
      propertyPath: m_Name
      value: PickUp (1)
      objectReference: {fileID: 0}
    - target: {fileID: 4497106929372894006, guid: 897ac2452faca4868ab0599fb63d3a80, type: 3}
      propertyPath: m_LocalPosition.x
      value: 5.41
      objectReference: {fileID: 0}
    - target: {fileID: 4497106929372894006, guid: 897ac2452faca4868ab0599fb63d3a80, type: 3}
      propertyPath: m_LocalPosition.y
      value: 1.23
      objectReference: {fileID: 0}
    - target: {fileID: 4497106929372894006, guid: 897ac2452faca4868ab0599fb63d3a80, type: 3}
      propertyPath: m_LocalPosition.z
      value: 2.24
      objectReference: {fileID: 0}
    - target: {fileID: 4497106929372894006, guid: 897ac2452faca4868ab0599fb63d3a80, type: 3}
      propertyPath: m_LocalRotation.x
      value: -0.46164414
      objectReference: {fileID: 0}
    - target: {fileID: 4497106929372894006, guid: 897ac2452faca4868ab0599fb63d3a80, type: 3}
      propertyPath: m_LocalRotation.y
      value: -0.2215363
      objectReference: {fileID: 0}
    - target: {fileID: 4497106929372894006, guid: 897ac2452faca4868ab0599fb63d3a80, type: 3}
      propertyPath: m_LocalRotation.z
      value: -0.85590637
      objectReference: {fileID: 0}
    - target: {fileID: 4497106929372894006, guid: 897ac2452faca4868ab0599fb63d3a80, type: 3}
      propertyPath: m_LocalRotation.w
      value: -0.07232365
      objectReference: {fileID: 0}
    - target: {fileID: 4497106929372894006, guid: 897ac2452faca4868ab0599fb63d3a80, type: 3}
      propertyPath: m_RootOrder
      value: 0
      objectReference: {fileID: 0}
    - target: {fileID: 4497106929372894006, guid: 897ac2452faca4868ab0599fb63d3a80, type: 3}
      propertyPath: m_LocalEulerAnglesHint.x
      value: 45
      objectReference: {fileID: 0}
    - target: {fileID: 4497106929372894006, guid: 897ac2452faca4868ab0599fb63d3a80, type: 3}
      propertyPath: m_LocalEulerAnglesHint.y
      value: 45
      objectReference: {fileID: 0}
    - target: {fileID: 4497106929372894006, guid: 897ac2452faca4868ab0599fb63d3a80, type: 3}
      propertyPath: m_LocalEulerAnglesHint.z
      value: 45
      objectReference: {fileID: 0}
    m_RemovedComponents: []
  m_SourcePrefab: {fileID: 100100000, guid: 897ac2452faca4868ab0599fb63d3a80, type: 3}
--- !u!4 &2134933603 stripped
Transform:
  m_CorrespondingSourceObject: {fileID: 4497106929372894006, guid: 897ac2452faca4868ab0599fb63d3a80, type: 3}
  m_PrefabInstance: {fileID: 2134933602}
  m_PrefabAsset: {fileID: 0}
--- !u!1 &2143321541
GameObject:
  m_ObjectHideFlags: 0
  m_CorrespondingSourceObject: {fileID: 0}
  m_PrefabInstance: {fileID: 0}
  m_PrefabAsset: {fileID: 0}
  serializedVersion: 6
  m_Component:
  - component: {fileID: 2143321543}
  - component: {fileID: 2143321542}
  m_Layer: 0
  m_Name: Directional Light
  m_TagString: Untagged
  m_Icon: {fileID: 0}
  m_NavMeshLayer: 0
  m_StaticEditorFlags: 0
  m_IsActive: 1
--- !u!108 &2143321542
Light:
  m_ObjectHideFlags: 0
  m_CorrespondingSourceObject: {fileID: 0}
  m_PrefabInstance: {fileID: 0}
  m_PrefabAsset: {fileID: 0}
  m_GameObject: {fileID: 2143321541}
  m_Enabled: 1
  serializedVersion: 10
  m_Type: 1
  m_Shape: 0
  m_Color: {r: 1, g: 1, b: 1, a: 1}
  m_Intensity: 1
  m_Range: 10
  m_SpotAngle: 30
  m_InnerSpotAngle: 21.80208
  m_CookieSize: 10
  m_Shadows:
    m_Type: 2
    m_Resolution: -1
    m_CustomResolution: -1
    m_Strength: 1
    m_Bias: 0.05
    m_NormalBias: 0.4
    m_NearPlane: 0.2
    m_CullingMatrixOverride:
      e00: 1
      e01: 0
      e02: 0
      e03: 0
      e10: 0
      e11: 1
      e12: 0
      e13: 0
      e20: 0
      e21: 0
      e22: 1
      e23: 0
      e30: 0
      e31: 0
      e32: 0
      e33: 1
    m_UseCullingMatrixOverride: 0
  m_Cookie: {fileID: 0}
  m_DrawHalo: 0
  m_Flare: {fileID: 0}
  m_RenderMode: 0
  m_CullingMask:
    serializedVersion: 2
    m_Bits: 4294967295
  m_RenderingLayerMask: 1
  m_Lightmapping: 4
  m_LightShadowCasterMode: 0
  m_AreaSize: {x: 1, y: 1}
  m_BounceIntensity: 1
  m_ColorTemperature: 6570
  m_UseColorTemperature: 0
  m_BoundingSphereOverride: {x: 0, y: 0, z: 0, w: 0}
  m_UseBoundingSphereOverride: 0
  m_ShadowRadius: 0
  m_ShadowAngle: 0
--- !u!4 &2143321543
Transform:
  m_ObjectHideFlags: 0
  m_CorrespondingSourceObject: {fileID: 0}
  m_PrefabInstance: {fileID: 0}
  m_PrefabAsset: {fileID: 0}
  m_GameObject: {fileID: 2143321541}
  m_LocalRotation: {x: 0.38302222, y: 0.38302222, z: -0.17860618, w: 0.82139385}
  m_LocalPosition: {x: 0, y: 3, z: 0}
  m_LocalScale: {x: 1, y: 1, z: 1}
  m_Children: []
  m_Father: {fileID: 0}
  m_RootOrder: 0
  m_LocalEulerAnglesHint: {x: 50, y: 50, z: 0}
